4018 6464
171 373 318 434 1113

1185 373 1244 431 S.
1285 371 1661 433 AUGUSTINI
1696 371 1900 430 υιιειι
1941 373 2033 431 DE
2070 373 2438 432 ORATIONE.

3311 374 3453 436 HM

171 493 356 552 ntédie
373 492 474 562 qui
510 504 571 548 se
606 489 937 562 jouait,«non
966 491 1113 560 point
1138 501 1254 547 tant
1281 506 1417 559 pour
1450 493 1764 551 cile-meme
1785 497 1842 554 Δ
1866 508 1958 550 res
2002 493 2100 550 des
2140 494 2334 550 choses
2374 494 2620 550 saintest
2661 493 2792 550 Mais
2821 492 2872 547 la
2899 489 3141 560 gentilité
3173 493 3350 549 mente
3379 507 3448 549 ne

171 580 279 638 que
299 561 444 638 poor
463 577 527 618 ce
547 564 742 634 qu'ella
764 561 1140 638 represeptait,
1162 565 1363 638 savoir,
1390 579 1524 638 p_our
1546 565 1594 638 l_e
1615 563 1760 619 Non-

175 633 313 692 mu
340 633 665 706 Testament
686 643 738 690 et
766 648 901 704 pour
932 633 1180 706 l‘Eglise,
1194 636 1283 706 qui
1314 644 1401 690 est
1422 635 1468 688 la
1493 636 1767 706 princesso

199 706 334 761 c‘est
355 703 651 760 Jansénins
679 703 777 774 qui
800 706 964 774 parle)
997 712 1052 759 et
1080 703 1369 762 l‘ltéritiére
1399 707 1468 759 dtt
1495 703 1764 762 'Nouveau

221 785 522 833 estament.
548 775 652 832 Les
672 785 885 830 acteurs
901 775 1099 846 étajent
1127 775 1206 830 les
1227 775 1366 832 Juifs
1382 817 1395 837 ,
1429 778 1609 830 nation
1644 792 1769 846 pro-

177 863 276 918 pro
296 848 328 902 ὲ
361 847 502 918 faire
531 860 866 918 personnage
893 863 909 901 :
944 844 1094 900 Nihil
1120 847 1265 901 aliud
1295 849 1454 918 fuisse
1482 844 1766 902 Testamen-

177 917 288 972 tum
339 917 481 972 illud
531 917 854 988 perspicuum
898 927 998 983 est,
1055 934 1207 985 quam
1252 917 1464 974 ultaulta
1515 933 1768 982 QUAIDAI

179 1004 487 1046 οοιιεοιλκ
505 1029 521 1054 ,
548 1003 664 1057 qua
685 1004 784 1059 non
815 997 918 1041 tam
946 996 1150 1059 propter
1170 1005 1222 1043 se
1252 991 1438 1058 ipsam,
1464 1005 1615 1058 quam
1645 1006 1764 1059 pro.

213 1069 291 1130 ter
316 1060 408 1124 id,
437 1060 521 1113 cui
555 1058 1267 1130 prteﬁgurando'deserviebat
1289 1101 1304 1124 ,
1339 1062 1433 1114 hoc
1461 1071 1533 1114 est
1561 1058 1766 1128 propter

177 1078 291 1185 φεῖ
316 1078 370 1113 ια
389 1099 408 1124 ,
437 1078 520 1113 αιι
555 1078 937 1130 prwpguranao
965 1078 1267 1113 aeservteoat
1289 1101 1304 1124 ,
1339 1078 1433 1114 noc
1461 1078 1533 1114 est
1561 1078 1766 1128 propter

115 1176 118 1178 η
224 1139 570 1185 estamentum
601 1128 802 1184 Novum
827 1168 842 1193 ,
881 1130 1088 1200 ejusque
1117 1131 1397 1200 principem
1433 1139 1480 1186 st
1515 1130 1766 1185 heredem

179 1200 510 1272 Ecclesium,
535 1201 596 1254 ab
619 1200 711 1254 illa
748 1208 1173 1272 geriteﬂtanquam
1215 1201 1278 1272 ab
1311 1202 1404 1257 hoc
1431 1201 1618 1256 idonea
1644 1217 1768 1272 age-

182 1280 329 1341 retur
358 1270 566 1338 (Jansz,
591 1281 714 1326 tom.
747 1268 867 1336 111,
892 1271 981 1324 lib.
1009 1286 1044 1333 l,
1074 1289 1192 1339 pag.
1217 1271 1366 1341 282).

247 1340 496 1397 Pcut—on
530 1343 707 1411 parler
741 1341 811 1398 de
841 1341 1075 1396 I’Ancien
1106 1345 1419 1398 Testament
1449 1353 1501 1396 et
1539 1341 1605 1396 de
1635 1343 1766 1398 Dion

177 1427 279 1470 son
297 1423 498 1468 autcur
516 1427 646 1468 avee
661 1428 766 1468 une
783 1411 1117 1468 irrévéreitce
1139 1417 1257 1482 plus
1281 1415 1576 1470 insolente?
1598 1415 1768 1469 Nest-

177 1498 243 1540 co
270 1484 432 1556 point
473 1483 524 1556 la
552 1484 742 1538 braver
770 1482 989 1556 lapiété
1020 1484 1114 1538 des
1145 1490 1372 1540 lecteurs
1399 1496 1452 1540 et
1483 1485 1766 1556 insultcra

181 1553 333 1611 lettrs
361 1553 639 1620 lumiércs,
668 1568 734 1610 en
767 1553 963 1610 faisant
991 1555 1133 1611 mine
1164 1558 1231 1611 de
1262 1556 1336 1610 les
1366 1556 1660 1624 ménager?
1702 1555 1768 1610 Et

179 1641 291 1696 que
320 1640 459 1680 nous
478 1624 758 1681 démontre
787 1635 926 1680 cette
953 1626 1170 1695 indigne
1189 1629 1586 1694 comparuison,
1613 1627 1769 1681 sinon

180 1712 291 1766 que
320 1696 738 1751 véritabletnent
772 1696 902 1752 Dieu
929 1697 1147 1761 choisit,
1173 1713 1232 1751 se
1263 1712 1514 1766 pronosa,
1541 1712 1769 1764 procura

1867 573 1964 636 put
1987 575 2272 636 supporter
2299 582 2368 620 uu
2395 565 2560 636 pareil
2585 565 2749 620 exces
2768 564 2904 618 dans
2923 564 3003 618 les
3030 573 3252 636 auteurs
3271 563 3338 636 de
3359 577 3449 619 ses

1868 634 2174 700 comédies;
2206 635 2310 691 elle
2358 634 2424 690 ne
2471 635 2590 691 leur
2621 635 2896 705 pardonna
2925 635 3072 705 point
3110 634 3316 689 tl'avoir
3342 646 3449 689 ints

1869 721 1963 761 sur
1989 706 2035 759 la
2063 705 2223 760 scéne
2251 706 2348 762 des
2374 703 2634 762 infamies'
2653 705 2786 761 dont
2815 703 3080 761 l’allusion
3111 715 3166 760 et
3193 705 3242 760 la
3269 719 3450 760 mora-

1869 776 1966 832 iité
1987 775 2119 832 était
2150 777 2403 832 bonnéte.

1938 847 2064 910 Car,
2097 848 2410 918 commedit
2437 848 2543 904 fort
2570 848 2691 904 blen
2715 847 2944 918 Maxime
2968 843 3452 918 derg'l‘yr,_pr_ésen-

1873 928 1956 973 Ier
1982 933 2086 972 une
2115 917 2280 973 chose
2313 917 2516 975 infame
2555 934 2691 987 pour
2735 915 2907 974 servir
2947 915 3256 984 d‘allég'orie
3285 915 3320 987 ἡ
3348 931 3453 973 une

1874 990 2040 1044 chose
2082 989 2258 1045 bonne
2295 996 2350 1044 et
2376 986 2638 1056 honttétc,
2672 999 2726 1044 et
2751 989 2959 1045 donner
2981 1002 3049 1043 en
3091 986 3362 1056 spectacle
3389 1002 3454 1044 ce

1875 1059 1964 1130 qui
1990 1069 2074 1115 est
2097 1059 2330 1116 nuisible
2357 1074 2493 1129 pour
2514 1055 2648 1115 faire
2667 1060 2940 1130 entrevojr
2963 1055 3140 1130 coqui
3173 1068 3256 1114 est
3280 1056 3451 1130 utile,

1875 1127 1989 1186 cola
2013 1145 2083 1186 ne
2103 1127 2532 1196 convient‘point
2554 1131 2587 1187 δ
2616 1131 2703 1200 qui
2728 1140 2852 1187 veut
2877 1127 3010 1184 inire
3038 1129 3088 1184 le
3106 1128 3247 1200 ibien
3268 1169 3284 1192 ,
3319 1128 3456 1184 tnais

1875 1201 2039 1271 plutdl
2065 1201 2094 1255 ὸ
2123 1200 2210 1270 qui
2239 1210 2364 1256 vent
2387 1200 2519 1257 faire
2550 1203 2599 1257 le
2629 1199 2756 1266 utal,
2782 1215 2941 1269 parce
2962 1213 3066 1267 que
3086 1199 3219 1254 dans
3239 1213 3300 1253 ce
3330 1212 3454 1264 pro-

1875 1270 2006 1328 cédé
2029 1271 2238 1328 I’ntilité
2269 1282 2351 1326 est
2380 1273 2606 1327 obscure
2627 1281 2681 1326 et
2710 1272 2929 1328 cacliéc.
2977 1272 3026 1324 le
3054 1271 3336 1336 dommage
3367 1278 3453 1324 est

1876 1342 2094 1412 présent
2121 1351 2176 1397 et
2215 1342 2442 1398 assure:
2475 1341 2603 1398 Rem
2630 1343 2814 1397 bonam
2854 1351 2902 1396 et
2954 1341 3213 1395 honestam
3261 1341 3352 1412 sub
3401 1354 3456 1412 rs

1875 1414 2013 1484 turpi
2041 1413 2311 1485 subjicere,
2339 1424 2387 1467 et
2415 1429 2532 1482 quas
2567 1414 2716 1468 utilia
2755 1421 2874 1467 sunt
2921 1427 3019 1485 per
3053 1427 3111 1465 ea
3146 1426 3259 1485 qua:
3289 1411 3451 1485 detri-

1871 1481 2100 1540 mentosa
2123 1481 2244 1539 sunt
2266 1481 2537 1549 ostentare,
2568 1500 2669 1538 non
2698 1493 2767 1538 est
2801 1486 2910 1549 eius
2931 1482 3020 1552 qui
3061 1482 3299 1550 prodesse
3339 1481 3456 1533 velit

1873 1556 2084 1626 (quippe
2126 1556 2319 1609 utilitas
2358 1564 2441 1626 est
2472 1555 2543 1608 ibi
2582 1556 2746 1608 latens
2775 1563 2822 1608 et
2851 1554 3116 1620 obscura),
3151 1552 3455 1626 sedupottus

1873 1619 2045 1681 obesse
2089 1627 2383 1692 cupientis:
2425 1625 2519 1679 hoc
2545 1629 2682 1680 enim
2726 1635 2800 1678 est
2843 1627 2897 1678 in
2936 1633 3174 1695 promptu
3205 1619 3450 1695 (Marini.

1878 1696 2087 1767 1_'yrius,
2133 1691 2266 1752 orat.
2295 1698 2362 1766 8,
2403 1697 2529 1752 edit.
2556 1695 2722 1752 Henr.
2754 1691 3031 1766 Stephan.,
3077 1709 3199 1764 pag.
3254 1691 3356 1757 50,
3407 1693 3459 1746 iu

180 1759 265 1823 les
287 1767 512 1833 crimes,
544 1766 649 1822 alin
676 1767 834 1838 qu'ils
863 1767 1068 1824 fussent
1096 1759 1173 1825 les
1201 1759 1422 1837 images,
1453 1759 1508 1824 et
1536 1759 1614 1826 les
1644 1769 1776 1839 ligu-
1807 1759 1854 1820 Β
1881 1759 2099 1838 εἶπα).

178 1892 3462 1950 ω

687 1933 3410 2197 m7”

878 2284 1736 2449 QUATUOR

1876 2281 2531 2415 OPUSCU
2550 2291 2648 2412 L
2681 2294 2781 2414 Α

983 2532 1372 2641 EDITA
1428 2539 1950 2644 PRIMUM
2000 2539 2088 2641 Α
2144 2537 2714 2645 FONTANI

578 2763 1395 2853 BlBLIOTHEC/E
1473 2764 2320 2850 RICCARDIAN/E
2396 2763 3053 2852 PREFECTO
3093 2819 3118 2856 9

182 2937 251 2985 ut
298 2937 738 2983 COLLBCTIONB
784 2940 889 2983 cm
934 2939 1202 2985 TITULUS
1252 2943 1270 2983 :
1319 2923 1507 2988 Noote
1537 2924 1776 2988 delicia:

1882 2924 2224 3000 uditorum,
2255 2945 2389 3004 seu,
2423 2935 2697 2988 ueterum
2729 2930 3016 2988 ἀνεκδὸτων
3044 2927 3444 2990 Collectonea

187 3076 3461 3117 “mm

896 3171 1872 3284 OPUSCULU‘M
1949 3181 2605 3288 PRIMUM
2673 3183 2749 3299 ἰ

1751 3337 1904 3396 SIVE

1159 3481 1506 3568 LIBER
1590 3483 1748 3570 DE
1830 3486 2481 3578 ORATIONE.

252 3651 581 3723 Evangelica
646 3655 909 3720 pmepta
929 3685 947 3712 ,
995 3643 1187 3700 fratres
1226 3643 1556 3702 dilectissimi
1584 3688 1598 3712 ,
1651 3651 1783 3707 nihil
1809 3655 1857 3718 ο
1890 3662 1995 3708 tem
2028 3653 2094 3707 de
2121 3654 2235 3721 ejus
2265 3653 2690 3710 sanctificatione
2708 3657 3066 3727 percepimus,
3090 3659 3159 3716 de
3181 3662 3468 3724 traditione

183 3749 340 3808 aliud
363 3757 489 3802 sunt
513 3759 672 3815 quam
701 3740 1005 3810 magisteria
1037 3739 1212 3794 divina
1231 3780 1246 3804 ,
1282 3736 1625 3796 fundamenta
1653 3745 1782 3798 mdi-

183 3839 422 3898 ficandze
470 3837 624 3908 spei.
670 3834 1004 3891 firmamenta
1049 3830 1368 3886 roboranda:
1408 3833 1527 3886 fidei
1554 3877 1568 3900 ,
1611 3837 1783 3892 nutri-

183 3943 372 3992 menta
403 3931 612 3987 fovendi
638 3929 842 3994 cordis,
867 3925 1226 3997 gubernacula
1256 3926 1518 3996 dirigendi
1552 3927 1778 3996 itineris,

184 4027 443 4102 praesidia
472 4021 778 4080 obtinendas
823 4020 1044 4085 salutis,
1095 4033 1212 4088 quae
1254 4017 1381 4072 dum
1429 4019 1630 4074 dociles
1671 4035 1783 4076 cre-

185 4122 433 4181 dentium
459 4128 664 4174 mentes
689 4117 742 4171 in
765 4113 923 4170 terris
941 4113 1233 4176 instruunt,
1264 4110 1330 4164 ad
1361 4111 1594 4166 cmlestia
1617 4125 1783 4184 regna

186 4216 512 4290 perducunt.
552 4210 716 4267 Multa
763 4223 856 4277 per
885 4205 1176 4277 prophetas
1216 4218 1344 4258 suos
1390 4203 1495 4258 uici
1527 4203 1782 4261 Dominus

186 4308 364 4368 voluit
387 4313 439 4361 et
465 4301 637 4359 audiri
661 4343 677 4368 ,
721 4299 817 4356 sed
847 4305 1048 4368 quanto
1084 4296 1286 4366 majora
1319 4305 1441 4349 sunt
1469 4311 1586 4365 qua:
1618 4295 1782 4352 Filius

191 4402 295 4460 Dei
319 4399 574 4468 loquitur,
617 4407 736 4463 quae
777 4389 870 4447 Dei
899 4403 1081 4446 sermo
1106 4433 1119 4454 ,
1147 4389 1236 4458 qui
1267 4388 1318 4441 in
1353 4386 1626 4455 prophetis
1665 4387 1782 4444 suis

191 4493 322 4558 fuit,
348 4488 562 4562 propria
592 4499 726 4540 voce
756 4489 1000 4546 testatur,
1039 4495 1146 4535 non
1167 4483 1276 4549 iam
1309 4481 1567 4533 mandans
1599 4489 1654 4533 ut
1693 4495 1783 4546 pa-

193 4595 346 4642 retur
376 4576 609 4636 venienti
657 4576 781 4642 via,
809 4572 902 4628 sed
944 4572 1060 4643 ipse
1101 4570 1344 4633 veniens,
1383 4578 1438 4624 et
1461 4571 1600 4624 viam
1629 4569 1784 4625 nobis

195 4676 449 4748 aperiens
477 4669 742 4734 ostendit,
771 4666 997 4736 qualiter
1017 4663 1107 4733 qui
1134 4661 1188 4715 in
1219 4661 1456 4716 tenebris
1479 4662 1668 4716 mortis
1691 4675 1782 4718 er-

196 4777 384 4826 rantes
427 4759 705 4834 improvidi
756 4766 810 4814 et
852 4755 996 4826 prius
1024 4753 1149 4808 cteci
1192 4752 1420 4817 fuimus,
1452 4767 1562 4807 suae
1598 4753 1785 4823 gratia:

197 4863 322 4919 luce
350 4853 634 4914 illuminati
683 4852 785 4906 iter
833 4848 953 4904 vitae
999 4847 1114 4914 ipso
1140 4844 1367 4900 Domino
1396 4851 1604 4898 rectore
1635 4853 1784 4899 tene-

199 4965 404 5013 remus.
434 4947 534 5017 Qui
565 4947 706 5000 inter
731 4951 926 4998 caetera
957 4937 1206 4993 salutaria
1223 4951 1320 4991 sua
1343 4937 1544 4990 munita
1573 4947 1627 4991 et
1649 4951 1783 5005 prte-

1887 3759 2097 3816 quoque
2144 3745 2260 3813 ejus
2300 3761 2425 3802 vere
2473 3755 2531 3800 et
2575 3747 2924 3816 spiritualiter
2965 3753 3270 3813 adoremus.
3335 3758 3467 3826 Qum

1885 3837 2026 3890 enim
2057 3843 2232 3905 potest
2273 3849 2393 3890 esse
2433 3836 2604 3905 magis
2633 3839 2924 3905 spiritualis
2953 3843 3126 3898 oratio
3157 3859 3315 3912 qualn
3345 3865 3467 3920 qua

1886 3928 2038 3984 nobis
2066 3945 2095 3984 a
2121 3928 2358 3996 Christo,
2387 3946 2418 3985 a
2445 3946 2552 4000 quo
2577 3931 2727 3987 nobis
2755 3943 2807 3988 et
2832 3934 3060 4002 Spiritus
3088 3937 3318 3998 Sanctus
3339 3943 3469 4002 tuis-

1884 4035 1977 4076 sus
1997 4032 2081 4077 est
2099 4023 2121 4077 i
2138 4023 2269 4090 Quae
2291 4039 2417 4080 vero
2438 4023 2607 4094 magis
2627 4025 2766 4094 apud
2789 4025 3003 4082 Patrem
3027 4033 3282 4099 precatio,
3305 4050 3466 4104 quam

1881 4127 2002 4182 quae
2027 4127 2056 4166 a
2088 4111 2246 4181 Filio,
2276 4114 2364 4180 qui
2393 4122 2477 4170 est
2516 4114 2710 4169 veritas
2747 4115 2816 4170 tle
2843 4116 2961 4186 ejus
2981 4134 3076 4173 ore
3117 4121 3320 4190 prolata
3348 4167 3362 4188 ,
3409 4136 3469 4183 ut

1887 4205 2046 4261 aliter
2074 4221 2231 4260 orare
2259 4221 2418 4276 quam
2444 4206 2630 4262 docuit
2657 4222 2761 4262 non
2793 4207 3087 4278 ignorantia
3113 4212 3227 4266 sola
3259 4215 3350 4280 sit,
3374 4217 3469 4275 sed

1882 4299 2059 4368 culpa,
2090 4314 2210 4353 cum
2241 4298 2356 4369 ipse
2383 4299 2619 4369 posuerit
2643 4307 2698 4356 et
2720 4301 2916 4357 dixerit
2938 4343 2954 4368 ,
2987 4302 3220 4374 Rejicitis
3252 4311 3470 4364 manda-

1883 4398 1991 4444 tum
2017 4390 2110 4444 Dei
2135 4399 2192 4444 ut
2211 4392 2536 4446 traditionem
2561 4400 2780 4447 vestram
2805 4394 3062 4448 statuatis.
3114 4395 3341 4455 Oremus
3371 4401 3470 4455 ita-

1884 4497 2006 4552 que,
2037 4482 2231 4538 fratres
2251 4481 2607 4550 dilectissimi,
2638 4483 2775 4539 sicut
2805 4485 3058 4555 magister
3087 4485 3224 4542 Dens
3245 4489 3424 4545 docuit
3449 4509 3466 4549 :

1885 4573 2052 4628 amica
2094 4583 2146 4627 ct
2176 4571 2454 4628 familiaris
2479 4581 2564 4628 est
2601 4575 2772 4629 oratio
2798 4572 3008 4631 Domini
3031 4575 3100 4630 de
3123 4591 3225 4632 suo
3254 4594 3466 4650 rogare,

1885 4661 1950 4716 ad
1981 4677 2140 4717 aures
2161 4664 2278 4732 ejus
2306 4662 2602 4717 ascendere
2629 4661 2828 4718 Christi
2851 4665 3170 4720 orationem.
3205 4669 3472 4736 Agnoscat

1888 4751 2042 4808 Pater
2069 4751 2188 4806 Filii
2219 4753 2300 4806 sui
2326 4752 2490 4807 verba
2517 4767 2638 4806 cum
2670 4767 2884 4820 precem
2915 4753 3168 4822 facimus;
3195 4759 3284 4826 qui
3320 4759 3470 4819 habi-

1888 4853 1964 4900 tat
1986 4847 2127 4900 intus
2143 4845 2195 4900 in
2225 4854 2461 4914 pectore,
2484 4845 2598 4914 ipse
2621 4844 2690 4899 sit
2706 4853 2761 4900 et
2783 4845 2836 4899 in
2861 4861 3016 4912 voce;
3037 4863 3159 4902 cum
3180 4850 3468 4910 habeamus

1889 4937 2059 5004 ipsum
2088 4935 2228 5005 apud
2260 4935 2470 4990 Patrem
2510 4935 2975 5012 advocatumnpro
3000 4942 3234 5009 peccatis
3271 4944 3470 5002 nostris

202 5055 360 5118 cepta
403 5056 497 5098 sua
523 5037 701 5096 divina
742 5034 935 5106 quibus
977 5029 1199 5099 populos
1239 5043 1364 5084 suos
1404 5029 1670 5083 consuluit
1715 5029 1782 5084 ad
1812 5038 1865 5100 ι)
1891 5027 2158 5097 petimus,
2202 5026 2444 5081 advocati
2490 5027 2656 5081 nostri
2708 5028 2868 5082 verba
2911 5027 3275 5099 propinamus.
3331 5032 3468 5091 Nam

203 5140 430 5200 salutem
453 5176 471 5203 ,
513 5133 674 5191 etiam
700 5128 885 5186 orandi
923 5129 1035 5198 ipse
1065 5125 1292 5182 formant
1318 5124 1492 5190 dedit;
1523 5126 1636 5194 ipsc
1660 5124 1784 5194 quid

208 5243 550 5305 precaremur
577 5224 784 5281 monuit
811 5231 863 5277 et
890 5219 1176 5284 instruxit;
1207 5217 1293 5289 qui
1319 5217 1441 5272 fecit
1465 5217 1663 5281 vivere,
1689 5217 1784 5270 dn-

207 5325 318 5383 cuit
345 5331 400 5379 et
431 5332 589 5376 orare
615 5359 632 5385 ,
687 5329 749 5370 ea
787 5313 1113 5384 benignitate
1140 5310 1345 5366 scilicet
1372 5323 1474 5378 qua
1509 5317 1562 5363 et
1590 5319 1784 5364 caetera

208 5416 338 5472 dare
362 5420 418 5469 et
442 5408 688 5466 conferre
725 5406 973 5476 dignatus
1003 5411 1085 5458 est
1121 5411 1200 5466 ut,
1238 5401 1363 5456 dum
1394 5415 1554 5472 prece
1582 5411 1634 5456 et
1663 5415 1784 5456 ora-

209 5506 355 5564 tione
399 5515 560 5573 quam
604 5497 768 5553 Filius
807 5497 988 5551 docuit
1046 5493 1184 5561 apud
1240 5491 1452 5547 Patrem
1491 5494 1778 5564 loquimur,

207 5597 419 5656 facilius
465 5593 762 5650 audiamur.
829 5590 944 5645 iam
994 5586 1311 5658 praedixerat
1367 5588 1552 5640 horam
1597 5585 1785 5642 venire

208 5690 410 5764 quando
435 5688 538 5743 reri
561 5686 853 5739 adoratores
873 5683 1145 5736 adorarent
1168 5678 1377 5734 Patrem
1407 5680 1459 5732 iu
1488 5679 1703 5751 spiritu,
1731 5686 1788 5734 et

207 5782 446 5855 implevit
471 5776 686 5851 quando
724 5774 968 5846 promisit
989 5814 1004 5840 ,
1034 5781 1092 5828 ut
1121 5771 1212 5843 qui
1238 5770 1487 5843 spiritum
1513 5778 1568 5826 et
1590 5770 1785 5827 verita-

263 5884 290 5919 ⁵
314 5886 602 5948 lautianm
629 5885 827 5944 insulso
849 5892 942 5941 nos
963 5889 1157 5950 semper
1180 5881 1451 5939 intellectui
1475 5871 1718 5947 pervium,
1738 5873 1958 5946 quovis
1973 5871 2030 5934 iii
2052 5877 2214 5932 inultls
2237 5875 2356 5930 locis
2376 5861 2753 5932 borreserllltos;

1891 5136 2012 5176 cuin
2042 5121 2219 5185 dicat,
2244 5120 2369 5189 quia
2398 5119 2751 5190 quodcumque
2779 5121 3024 5191 petieritis
3055 5120 3267 5179 Patrem
3291 5125 3344 5180 in
3374 5142 3470 5180 no-

1890 5212 2024 5264 mine
2046 5227 2156 5265 meo
2184 5209 2325 5265 dabit
2345 5210 2483 5264 vobis
2508 5225 2527 5264 :
2551 5219 2750 5280 quanto
2769 5210 3038 5268 efficacius
3065 5213 3468 5286 impetrabimus

1889 5302 2028 5371 quod
2064 5303 2292 5371 petimus
2319 5299 2517 5357 Christi
2547 5300 2785 5370 nomine,
2814 5301 2861 5357 si
2881 5312 3126 5373 petamus
3154 5306 3324 5374 ipsius
3341 5321 3466 5364 ora-

1890 5395 2072 5449 tione?
2114 5394 2194 5450 Sit
2239 5395 2383 5450 enim
2431 5393 2708 5450 orantibus
2749 5408 2929 5450 sermo
2976 5405 3032 5452 et
3068 5396 3301 5464 precatio
3342 5411 3468 5456 cum

1890 5487 2167 5557 disciplina
2198 5489 2433 5559 quietem
2455 5490 2736 5544 continens
2761 5497 2818 5542 et
2837 5487 3116 5558 pudorem.
3158 5490 3466 5560 Cogitemus

1890 5595 1989 5638 nos
2008 5580 2110 5638 sub
2140 5589 2430 5649 conspectu
2460 5578 2553 5635 Dei
2581 5590 2760 5646 stare;
2793 5579 3105 5649 placendum
3143 5587 3229 5636 est
3271 5579 3468 5638 divinis

1889 5673 2059 5730 oeulis
2101 5683 2152 5727 ct
2203 5670 2382 5725 habitu
2413 5671 2688 5742 corporis,
2732 5681 2786 5727 et
2823 5671 2983 5726 modo
3011 5672 3188 5739 vocis;
3239 5686 3361 5729 nam
3406 5681 3468 5729 ut

1889 5765 2242 5841 imprudentis
2273 5776 2358 5823 est
2390 5764 2716 5822 clamoribus
2750 5772 2990 5836 strepere
3011 5803 3030 5834 ,
3066 5765 3138 5822 ita
3163 5765 3412 5838 congruit
3432 5781 3467 5824 ο

3131 5880 3262 5932 lum
