4018 6488
571 387 713 449 “ib

1480 391 2024 453 SUPI'LEIIEM'UI
2063 391 2159 448 AB
2195 389 2426 447 BPERA
2454 388 2516 445 S.
2555 387 2944 449 AUGUS‘HNL

3726 389 3840 447 ﬂ“

571 515 758 563 contra
787 505 1226 561 verecundiorem
1253 506 1510 562 modestis
1550 509 1807 578 precibus
1828 521 2005 563 orare.
2049 506 2150 561 Deo
2175 505 2231 567 Δ
2253 503 2401 574 suit,
2425 511 2566 562 orate
2597 517 2616 556 :
2636 501 2794 558 Pater
2830 510 3000 559 noster
3023 519 3113 575 qui
3153 518 3210 561 es
3239 503 3304 560 in
3327 503 3496 570 catis,
3521 501 3843 571 caedimur

573 599 736 670 nique
784 598 1095 668 magisterio
1139 613 1237 653 suo
1292 599 1550 654 Dominus
1597 609 1811 658 secreto
1858 615 2012 656 orare
2055 614 2156 656 nos

572 690 828 760 praecepit
853 690 906 744 in
935 689 1127 746 abditis
1149 701 1202 746 et
1228 694 1450 748 secretis
1479 693 1641 762 locis,
1688 693 1740 754 in
1767 693 2028 748 cubiculis
2057 707 2157 748 no-

571 783 719 846 stris,
749 782 892 852 quod
924 785 1094 854 magis
1139 789 1384 854 congruit
1433 785 1553 840 ﬁdei
1581 830 1598 855 ,
1630 795 1686 840 ut
1722 785 1956 841 sciamus
1988 786 2156 842 Deum

565 874 766 943 ubique
788 888 911 930 esse
941 886 1261 947 praesentem
1289 919 1302 941 ,
1357 877 1542 932 audire
1567 892 1756 932 omnes
1795 887 1850 932 et
1875 877 2078 942 videre,
2104 882 2160 931 et

569 967 871 1036 majestatis
921 982 1033 1022 suae
1080 969 1464 1038 plenitudinem
1517 969 1569 1024 in
1614 969 1788 1024 abdita
1837 984 2063 1040 quaeque
2103 976 2158 1025 et

565 1059 777 1114 occulta
792 1068 1096 1128 penetrare,
1111 1061 1249 1114 sicut
1265 1061 1521 1128 scriptum
1542 1069 1655 1118 est:
1677 1060 1788 1133 Ego
1807 1061 1945 1116 Deus
1963 1075 2158 1129 appro-

566 1153 792 1218 ximans,
819 1161 870 1206 et
892 1169 992 1207 non
1016 1152 1155 1208 Deus
1175 1155 1238 1207 de
1265 1155 1576 1225 longinquo;
1612 1156 1655 1210 si
1681 1155 2008 1209 absconditus
2044 1156 2158 1221 fus-

567 1245 636 1298 rit
662 1244 810 1298 homo
841 1245 893 1298 in
939 1245 1245 1300 absconditis
1270 1287 1286 1314 ,
1333 1264 1451 1316 ergo
1495 1264 1587 1320 ego
1633 1263 1733 1300 non
1771 1247 1946 1302 videbo
1995 1261 2107 1300 eum
2131 1247 2157 1300 ?

562 1334 752 1390 Nonne
769 1338 950 1391 caelum
971 1346 1019 1391 et
1041 1348 1226 1392 terram
1247 1355 1338 1409 ego
1357 1338 1544 1404 impleo
1561 1341 1586 1392 7
1607 1339 1672 1394 Et
1688 1340 1879 1396 iterum
1896 1355 1910 1392 :
1927 1337 1994 1392 In
2016 1338 2157 1394 omni

570 1429 684 1483 loco
713 1429 852 1483 oculi
882 1429 1088 1485 Domini
1127 1430 1536 1502 contemplantur
1566 1434 1723 1488 bonos
1769 1440 1817 1486 et
1859 1431 2044 1486 malos.
2087 1430 2157 1487 Et

561 1519 777 1590 quando
800 1517 852 1572 in
899 1535 1058 1574 unum
1091 1534 1214 1574 cum
1243 1519 1494 1574 fratribus
1519 1521 1870 1576 convenimus
1910 1529 1964 1576 et
1997 1520 2157 1587 sacri-

563 1610 680 1666 ﬁcia
702 1611 884 1665 divina
916 1627 1036 1666 cum
1077 1612 1168 1666 Dei
1200 1611 1480 1666 sacerdote
1502 1611 1854 1675 celebramus,
1891 1625 2153 1670 verecun-

563 1703 666 1758 diae
697 1711 753 1758 et
781 1704 1080 1772 disciplina!
1127 1719 1396 1760 memores
1421 1719 1541 1760 esse
1567 1705 1826 1764 debemus
1846 1747 1864 1773 ,
1897 1721 2002 1760 non
2033 1721 2151 1776 pas-

558 1796 660 1852 sim
691 1796 955 1851 ventilare
980 1811 1164 1864 preces
1195 1804 1406 1850 uostras
1448 1796 1735 1851 inconditis
1762 1798 1984 1853 vocibus
2003 1841 2017 1864 ,
2051 1811 2152 1852 nec

2261 613 2446 651 nomen
2467 604 2642 662 tuum,
2672 597 2909 650 adveniat
2927 613 3140 668 regnum
3161 607 3346 662 arum,
3391 598 3490 666 ﬂat
3519 595 3743 650 celantes
3774 609 3843 649 ras

2262 689 2394 743 sicut
2424 689 2478 741 in
2504 689 2630 742 coelo
2657 698 2704 742 et
2729 690 2782 742 in
2807 698 2942 743 terra
2963 707 2984 745 :
3011 708 3197 760 panem
3241 700 3488 744 nostrum
3514 691 3845 760 quotidiana-

2262 781 2328 834 da
2348 781 2492 835 nobis
2513 781 2691 848 hodie,
2720 790 2766 837 el
2791 783 2990 837 dimitte
3021 783 3163 838 nobis
3202 783 3386 838 debita
3409 794 3621 848 nostra,
3664 783 3788 834 sicut
3809 793 3847 836 et

2253 888 2357 927 nos
2381 872 2687 927 dimittimus
2719 873 3028 928 debitoribus
3054 876 3289 939 nostris;
3337 884 3390 928 et
3439 891 3509 928 ne
3542 889 3637 928 nos
3659 874 3846 928 indm

2263 964 2318 1018 in
2347 965 2698 1033 tentationem,
2724 967 2812 1021 sed
2840 966 2996 1022 libera
3025 984 3119 1021 nos
3139 986 3171 1021 a
3199 968 3366 1022 malo.
3395 968 3589 1021 Amen.

2333 1058 2473 1112 Ante
2517 1059 2696 1114 omnia
2727 1059 2873 1128 pacis
2914 1059 3102 1114 doctor
3131 1069 3295 1131 atque
3339 1059 3580 1116 unitatis
3625 1061 3847 1129 magister

2255 1151 2569 1222 singillatim
2600 1151 2772 1207 noluit
2803 1161 2859 1208 et
2889 1154 3136 1221 privatim
3170 1168 3394 1223 precem
3423 1154 3572 1217 dici,
3604 1157 3751 1223 quasi
3775 1155 3844 1223 qui

2259 1251 2531 1312 precatur,
2579 1258 2677 1314 pro
2717 1259 2776 1300 se
2808 1251 3012 1298 tantum
3042 1247 3249 1313 precari
3281 1245 3569 1301 videatur.
3622 1246 3699 1301 Ne
3727 1247 3843 1301 diem

2261 1350 2379 1390 mus
2410 1335 2567 1392 Pater
2591 1351 2764 1405 meus,
2785 1352 2961 1410 neque
2984 1353 3173 1408 panem
3202 1354 3389 1394 meum
3421 1339 3497 1394 da
3532 1339 3668 1394 mihi
3691 1341 3843 1410 hodie,

2257 1442 2360 1483 nec
2385 1429 2581 1484 dimitti
2607 1429 2711 1486 sibi
2769 1439 2975 1485 tantum
3021 1431 3396 1501 unusquisque
3440 1432 3693 1500 postulet
3732 1436 3843 1490 ut

2258 1521 2605 1576 tentationem
2651 1536 2758 1576 non
2799 1522 3085 1576 inducatur
3131 1532 3294 1593 atque
3345 1537 3377 1575 a
3427 1525 3588 1577 malo
3617 1523 3842 1581 liberctar

2259 1627 2359 1682 pro
2387 1613 2504 1668 solo
2551 1627 2610 1670 se
2649 1622 2806 1684 roget
2835 1630 2852 1682 ;
2883 1613 3090 1683 publica
3119 1625 3200 1670 est
3246 1613 3397 1670 enim
3445 1614 3619 1670 nobis
3648 1627 3699 1671 et
3725 1632 3820 1672 ce

2255 1705 2437 1760 munis
2469 1706 2642 1760 oratio
2689 1713 2745 1760 et
2793 1705 3010 1774 quando
3055 1719 3274 1760 oramus
3324 1721 3440 1760 non
3476 1721 3589 1776 pro
3618 1723 3740 1772 uno,
3767 1708 3838 1764 sed

2257 1810 2354 1866 pro
2384 1796 2584 1868 populo
2615 1804 2727 1852 toto
2772 1811 2992 1852 oramus
3016 1837 3031 1865 ,
3079 1799 3206 1868 quia
3258 1799 3509 1868 populus
3561 1808 3706 1855 totus
3731 1817 3840 1858 unus

559 1888 1392 1958 petitionem,commendandam
1406 1889 1646 1944 modeste
1665 1889 1799 1954 Deo,
1823 1889 2148 1945 tumultuosa
2179 1894 2229 1956 Β
2255 1905 2464 1946 sumus.
2507 1890 2649 1948 Deus
2678 1890 2825 1961 pacis
2853 1901 2909 1946 et
2933 1891 3237 1948 concordia
3265 1893 3546 1965 magister
3575 1895 3669 1966 qui
3693 1895 3840 1951 docuit

559 1981 880 2051 loquacitate
901 1980 1108 2050 jactare
1127 2023 1141 2046 ,
1191 1981 1310 2050 quia
1334 1981 1478 2037 Deus
1508 1998 1614 2037 non
1644 1984 1820 2048 vocis,
1848 1982 1941 2039 sed
1968 1982 2149 2038 cordis

555 2074 770 2128 auditor
791 2084 904 2139 est,
937 2087 1037 2129 nec
1077 2071 1445 2129 admonendus
1469 2084 1551 2129 est
1588 2073 1914 2130 clamoribus
1939 2075 2028 2143 qui
2058 2088 2150 2130 co-

555 2168 839 2236 gitationes
869 2166 1046 2231 videt,
1091 2167 1348 2236 probante
1377 2166 1601 2222 Domino
1640 2176 1694 2223 et
1726 2168 1974 2223 dicente:
2010 2167 2147 2234 Quid

555 2259 790 2330 cogitatis
839 2275 1054 2328 nequam
1099 2261 1152 2313 in
1191 2260 1428 2315 cordibus
1473 2260 1690 2316 vestris?
1736 2269 1790 2315 et
1829 2259 1935 2316 alio
1983 2259 2144 2315 loco:

554 2351 735 2407 Sciant
760 2369 930 2406 omnes
957 2354 1076 2420 quia
1109 2369 1201 2424 ego
1240 2361 1498 2414 scrutator
1535 2353 1671 2412 renis
1707 2362 1756 2408 et
1783 2353 1974 2424 cordis,
2003 2353 2146 2423 quod

558 2447 712 2502 Anna
735 2447 787 2502 in
822 2448 993 2518 primo
1025 2447 1226 2517 Regum
1260 2449 1396 2504 libro
1442 2457 1624 2520 typum
1669 2458 1889 2519 portans
1913 2450 2146 2505 custodit

559 2545 620 2594 et‘
633 2547 831 2604 servat,
865 2553 985 2608 quae
1018 2539 1296 2593 Dominum
1326 2583 1340 2606 ,
1371 2554 1478 2596 non
1523 2541 1825 2602 ciamorosa
1865 2543 2144 2612 petitione,

556 2630 651 2684 sed
677 2630 837 2684 tacite
880 2638 934 2684 et
978 2629 1222 2684 modeste
1268 2632 1408 2686 inter
1451 2633 1595 2701 ipsas
1640 2632 1877 2702 pectoris
1919 2635 2148 2689 latebras

559 2730 827 2791 precatur.
892 2721 1234 2790 Loquebatur
1275 2739 1433 2796 prece
1479 2725 1710 2795 occulta,
1744 2729 1835 2780 sed
1863 2726 2144 2782 manifesta

552 2811 661 2868 ﬁde
687 2813 1022 2879 loquebatur,
1054 2829 1160 2867 non
1193 2827 1322 2868 voce
1347 2814 1446 2869 sed
1465 2815 1656 2881 corde,
1682 2818 1809 2886 quia
1853 2817 1930 2870 sic
1958 2811 2143 2871 Domi-'-

553 2919 680 2960 num
713 2903 914 2959 sciebat
936 2904 1150 2960 audire:
1173 2904 1476 2974 impetravit
1497 2904 1784 2962 efﬁcaciter
1803 2907 1944 2976 quod
1971 2909 2142 2976 petiit,

551 3000 675 3068 quia
703 2994 932 3052 ﬁdeliter
963 2998 1268 3066 postulavit.
1313 2999 1554 3053 Declarat
1597 2999 1710 3053 hare
1738 2999 2010 3068 Scriptura
2061 2998 2142 3054 di-

549 3089 668 3143 vina
700 3103 821 3158 qua:
853 3088 1012 3142 dicit:
1046 3087 1369 3160 Loqucbatur
1389 3091 1442 3143 in
1469 3092 1622 3142 corde
1641 3105 1756 3156 suo,
1781 3099 1826 3142 et
1845 3089 1979 3143 labia
2000 3089 2142 3144 illius

550 3199 646 3236 non
667 3182 1018 3236 movebantur.
1063 3182 1191 3236 Item
1239 3183 1466 3254 legimus
1507 3183 1560 3238 in
1601 3183 1843 3252 psalmo:
1873 3182 2046 3238 Dicite
2089 3184 2142 3236 in

2254 1983 2536 2043 unitatem.
2565 1984 2642 2036 sic
2668 1997 2826 2038 orare
2852 1983 3014 2038 etiam
3056 1983 3271 2051 docuit,
3304 1984 3458 2041 unde
3494 2001 3600 2054 pro
3628 1988 3841 2043 omnibus

2254 2075 2444 2144 voluit,
2476 2076 2748 2148 quomodo
2780 2077 2833 2132 in
2862 2091 2969 2132 uno
2993 2077 3321 2146 omnesipse
3348 2081 3625 2149 portavit.

2325 2167 2474 2222 Hanc
2522 2167 2781 2222 orationis
2824 2167 2995 2238 legem
3042 2182 3407 2224 servaverunt
3457 2180 3580 2226 tres
3622 2189 3766 2242 paen
3802 2175 3839 2228 in

2251 2261 2462 2316 camino
2485 2262 2622 2332 ignis
2651 2261 2866 2330 inclusi,
2898 2275 3259 2320 consonantes
3288 2264 3345 2320 in
3375 2279 3548 2332 prece
3569 2275 3627 2322 et
3652 2268 3839 2336 spiritus

2251 2353 2607 2410 consensione
2634 2353 2952 2411 concordes.
2977 2354 3090 2410 Hoc
3114 2355 3367 2411 declarat
3388 2357 3599 2413 divinae
3625 2358 3838 2428 Scripta-

2250 2459 2323 2498 τω
2347 2443 2510 2510 ﬁdes;
2533 2443 2754 2510 et,dum
2777 2443 2932 2501 docet
2950 2445 3218 2515 quomodo
3247 2449 3548 2502 oraverint
3577 2449 3739 2513 tales,
3770 2450 3840 2503 dat

2248 2538 2554 2604 exemplum
2582 2539 2724 2607 quod
2755 2537 2950 2594 imitari
2981 2539 3035 2592 in
3068 2540 3319 2607 precibus
3366 2541 3666 2596 debeaus
3695 2550 3753 2595 ut
3783 2551 3841 2596 ta-

2249 2629 2328 2685 les
2353 2644 2474 2685 esse
2502 2629 2788 2698 pOssimus.
2814 2631 2986 2696 Tunc,
3013 2632 3200 2700 inquit,
3227 2631 3308 2686 illi
3332 2643 3456 2687 tres
3483 2634 3635 2702 quam
3663 2649 3728 2688 es
3755 2648 3840 2688 uno

2249 2737 2344 2778 ore
2394 2722 2648 2794 hymnum
2695 2723 2947 2777 dicebant
2991 2733 3044 2778 et
3101 2723 3512 2779 benedicebant
3555 2724 3833 2780 Domino.

2247 2816 2628 2886 Loquebautur
2655 2817 2809 2886 quasi
2852 2817 2934 2872 es'
2966 2831 3072 2871 uno
3114 2832 3210 2873 ore
3237 2827 3293 2872 et
3333 2820 3592 2873 nondum
3624 2818 3836 2874 Christus

2249 2907 2367 2963 illos
2388 2907 2642 2963 docuerat
2667 2922 2845 2978 orare,
2862 2917 2918 2964 et
2941 2909 3139 2964 idcirco
3157 2911 3450 2966 orantibus
3482 2911 3588 2967 fuit
3617 2914 3834 2981 impetra-

2248 3001 2370 3056 bilis
2396 3011 2451 3058 et
2479 3001 2670 3058 efﬁcax
2695 3017 2907 3069 sermo,
2941 3004 3061 3073 quia
3094 3008 3524 3073 promerebatur
3572 3007 3729 3063 Deum
3761 3024 3830 3078 pa-

2247 3093 2401 3149 ciﬁca
2430 3101 2484 3149 et
2513 3094 2744 3162 simplex
2786 3102 2840 3149 et
2868 3095 3159 3165 spiritualis
3190 3099 3393 3152 oratio.
3441 3098 3539 3154 Sic
3569 3111 3623 3175 et
3652 3110 3829 3167 aposto-

2248 3183 2328 3238 los
2376 3199 2498 3238 cum
2529 3183 2810 3256 discipulis
2851 3196 2970 3260 post
3015 3200 3299 3241 ascensum
3340 3187 3569 3245 Domini
3618 3195 3831 3246 novies

551 3275 779 3329 cordibus
808 3276 985 3328 vestris
1004 3315 1018 3339 ,
1059 3285 1104 3329 et
1132 3276 1185 3328 in
1219 3277 1472 3330 cubilibus
1505 3278 1683 3331 vestris
1712 3278 2139 3347 cumpungimini.
2165 3271 2213 3334 C
2250 3291 2402 3331 orare
2428 3295 2440 3329 ε
2504 3277 2686 3343 Erant,
2712 3278 2900 3348 inquit,
2937 3291 3315 3349 perseverantes
3342 3284 3633 3338 unanimes
3663 3286 3713 3338 in
3739 3304 3832 3339 ors-

549 3369 647 3426 Per
675 3369 962 3425 Jeremlam
1003 3386 1213 3442 quoque
1261 3373 1375 3426 iure
1425 3371 1612 3426 eadem
1662 3371 1892 3441 Spiritus
1919 3381 2136 3426 sanctus

547 3460 784 3532 suggerit
815 3468 872 3517 et
901 3461 1058 3516 docet
1081 3462 1269 3518 dicens
1295 3481 1306 3516 :
1354 3461 1419 3517 In
1448 3479 1600 3518 sensu
1631 3473 1802 3518 autem
1839 3464 1979 3520 debet
2012 3466 2139 3520 ado-

546 3555 652 3608 rari
675 3554 764 3608 tibi
793 3554 1059 3610 Dominus.
1103 3557 1347 3610 Adorans
1381 3568 1591 3623 autem,
1624 3557 1816 3614 fratres
1853 3559 2139 3614 dilectissi-

541 3647 644 3714 mi,
674 3661 773 3702 nec
802 3646 935 3702 illud
980 3647 1189 3716 ignoret
1215 3649 1662 3720 quemadmodum
1701 3652 1752 3706 in
1787 3651 1986 3719 templo
2012 3665 2135 3706 cum

550 3736 825 3798 Pharisaeo
847 3738 1171 3796 Publicanus
1199 3743 1454 3808 oraverit,
1481 3757 1587 3797 non
1612 3742 1832 3798 elevatis
1859 3747 1909 3798 in
1941 3745 2136 3800 caelum

545 3827 890 3899 impudenter
934 3829 1106 3885 oculis
1154 3845 1254 3886 nec
1300 3831 1544 3888 manibus
1582 3833 1874 3888 insolenter
1916 3835 2132 3904 erectis,

543 3935 728 3995 pectus
758 3925 976 3995 pulsans
1030 3935 1085 3982 et
1123 3935 1341 3996 peccata
1380 3927 1520 3988 intus
1569 3929 1775 3986 inclusa
1823 3939 2134 3988 contestans

547 4013 735 4075 divina
781 4017 1165 4078 misericordiae
1209 4019 1528 4089 implorabat
1573 4022 1854 4078 auxilium.
1899 4023 1966 4079 Et
2012 4040 2134 4082 cum

543 4107 850 4166 Pliaristeus
878 4109 979 4164 sibi
1013 4111 1281 4181 placeret,
1328 4113 1654 4172 sanctiﬁcari
1701 4114 1786 4171 hic
1812 4119 1984 4189 magis
2007 4133 2136 4178 mer-

545 4204 651 4258 ruit
679 4202 771 4272 qui
799 4204 881 4260 sic
918 4205 1132 4272 oravit,
1174 4207 1262 4273 qui
1307 4221 1458 4275 spem
1485 4207 1673 4266 salutis
1715 4225 1824 4266 non
1853 4212 1908 4268 in
1940 4212 2133 4272 ﬁducia

542 4293 863 4350 innocentiae
890 4308 1000 4349 suae
1025 4296 1198 4362 posuit
1219 4335 1239 4362 ,
1285 4311 1407 4354 cum
1438 4299 1692 4358 itmocens
1721 4316 1882 4358 nemo
1911 4303 2001 4370 sit,
2033 4303 2129 4362 sed

545 4393 758 4454 peccata
784 4385 1065 4442 confessus
1095 4387 1370 4444 humiliter
1383 4392 1578 4454 oravit,
1597 4402 1651 4452 et
1666 4393 1944 4449 exaudivit
1970 4409 2130 4452 oran-

546 4485 652 4534 tem
683 4476 776 4546 qui
803 4476 1095 4534 humilibus
1123 4479 1372 4548 ignoscit,
1403 4482 1544 4550 quod
1574 4482 1831 4540 Dominus
1859 4485 1913 4540 in
1941 4485 2126 4542 Evan-

543 4567 686 4639 gelio
717 4567 894 4638 posm't
921 4577 978 4624 et
999 4569 1143 4630 dixit
1167 4587 1180 4624 :
1215 4570 1286 4626 Di
1305 4573 1408 4626 duo
1433 4575 1776 4630 ascenderunt
1805 4577 1858 4632 in
1881 4581 2126 4648 templum

2244 3369 2400 3436 tione,
2422 3384 2538 3422 cum
2561 3369 2858 3424 mulieribus
2881 3380 2929 3424 et
2959 3369 3129 3424 Maria
3157 3387 3274 3439 quia
3298 3373 3325 3442 f
3324 3373 3402 3424 uit
3451 3387 3620 3428 mater
3658 3375 3776 3430 less
3797 3385 3833 3430 et

2243 3461 2487 3530 fratribus
2513 3462 2645 3532 ejus.
2675 3461 3099 3518 Perseverabant
3140 3462 3193 3518 in
3233 3466 3498 3522 oratione
3549 3470 3828 3532 unanima,

2240 3551 2499 3606 orationis
2529 3551 2731 3608 scilicet
2755 3561 2811 3607 et
2854 3553 3159 3609 instantiam
3211 3554 3379 3610 simul
3411 3567 3472 3612 et
3509 3559 3829 3613 concordiam

2242 3643 2578 3704 declarantes
2623 3645 2744 3716 quia
2775 3646 2918 3703 Deus
2961 3647 3266 3704 inhabitare
3317 3650 3455 3705 fecit
3486 3653 3756 3706 unanirr.es
3784 3653 3826 3706 in

2243 3737 2427 3793 domo.
2463 3737 2585 3794 Non
2611 3739 2846 3796 admittit
2871 3741 2926 3796 in
2957 3741 3188 3798 divinam
3238 3752 3295 3797 et
3325 3753 3596 3799 aeternam
3631 3745 3826 3800 domum

2239 3831 2342 3886 nisi
2373 3845 2470 3886 eos
2515 3831 2654 3903 apud
2703 3847 2838 3903 quos
2886 3834 3152 3890 unanimis
3196 3837 3394 3890 oratio.
3441 3838 3632 3905 Qualia
3659 3848 3818 3892 autem

2237 3922 2362 3986 siut,
2385 3919 2584 3979 fratres
2605 3923 2976 3991 dilectissimi,
3013 3924 3285 3982 Orationis
3320 3927 3624 3984 Dominicz
3651 3944 3814 3986 sam-

2230 4024 2437 4083 menta,
2464 4031 2621 4086 quam
2649 4017 2815 4076 multa
2839 4048 2856 4085 ,—
2903 4033 3063 4088 quam
3111 4035 3299 4090 magna
3319 4062 3335 4087 ,
3369 4022 3620 4081 breviter
3649 4024 3697 4078 in
3721 4038 3819 4078 ser-

2237 4122 2402 4164 mone
2431 4108 2654 4165 collecta
2679 4149 2698 4178 ,
2747 4110 2842 4166 sed
2889 4111 2942 4166 in
2985 4112 3183 4168 virtute
3227 4113 3594 4183 spiritualirer
3631 4118 3822 4187 cepiosa

2239 4201 2519 4258 ostendam
2545 4241 2562 4271 ,
2613 4209 2672 4256 ut
2701 4201 2832 4264 nihil
2877 4203 3096 4260 omnino
3137 4205 3574 4274 przetermissum
3609 4209 3672 4263 sit
3701 4207 3822 4278 quod

2235 4307 2345 4350 non
2392 4293 2443 4348 in
2489 4295 2736 4364 precibus
2779 4305 2940 4366 atque
2985 4296 3321 4352 orationibus
3362 4299 3576 4354 nostris
3607 4301 3820 4356 caelesﬁs

2237 4383 2496 4444 doctrinm
2540 4385 2861 4456 compendio
2900 4388 3354 4458 apprehendatur.
3386 4391 3816 4456 Animadvertitc,

2232 4478 2327 4542 sic,
2359 4479 2455 4545 ait,
2485 4489 2626 4532 orate
2647 4493 2668 4534 :

2305 4570 2464 4626 Pater
2483 4582 2653 4628 noster
2678 4573 2766 4639 qui
2790 4589 2844 4628 es
2871 4573 2927 4626 in
2963 4573 3122 4628 colis.
3166 4572 3340 4630 Homo
3367 4589 3571 4644 novus,
3599 4587 3814 4640 renatus,

544 4663 782 4730 adorare,
813 4679 944 4720 unus
974 4661 1294 4732 Ριιαεὲεωισ,
1315 4666 1446 4722 αλια
1465 4667 1799 4738 pum;
1831 4670 2124 4729 Ριητίεωκ,
2153 4654 2207 4715 D
2231 4661 2342 4717 Deo
2369 4676 2468 4718 suo
2497 4677 2590 4732 per
2616 4661 2730 4732 ejus
2759 4663 2985 4731 gratiam
3020 4662 3293 4719 restitutus
3316 4706 3333 4730 ,
3367 4681 3553 4722 pars:
3582 4669 3747 4738 primo
3772 4668 3814 4721 ia

545 4769 657 4814 cum
683 4754 930 4821 stetisset,
951 4754 1079 4814 talia
1105 4756 1251 4826 apud
1287 4773 1342 4811 se
1364 4760 1699 4827 precabatur:
1735 4759 1894 4830 Deus,
1928 4766 2124 4834 gratias

541 4846 772 4916 egotibi,
817 4847 938 4913 quia
982 4862 1086 4901 non
1127 4863 1240 4902 sum
1284 4850 1413 4903 sicut
1441 4851 1610 4905 ceteri
1637 4852 2124 4925 bonaiuuminjusti,

537 4950 794 5009 raptores,
821 4939 1044 5000 adulteri
1077 4944 1335 5012 quomodo
1373 4952 1421 4996 et
1459 4943 1760 5007 publicanus
1781 4946 1878 5003 iste
1902 4963 1921 5000 :
1944 4949 2127 5018 jejuno

539 5033 616 5088 bis
643 5034 694 5085 in
712 5031 945 5100 sabbato,
975 5033 1198 5088 decimas
1233 5035 1304 5088 do
1327 5035 1556 5090 omnium
1589 5052 1706 5106 quis
1731 5039 1984 5106 pssideo.
2021 5038 2130 5094 Pu-

539 5122 768 5179 blicanus
791 5124 860 5176 de
886 5124 1164 5195 longinquo
1191 5125 1357 5182 stabat
1383 5135 1618 5198 atraeque
1639 5130 1820 5190 oculos
1837 5130 1909 5188 ad
1937 5132 2122 5186 calum

535 5211 735 5272 solebat
762 5213 927 5267 leuare
945 5251 962 5278 ,
1015 5215 1108 5270 sed
1145 5217 1456 5285 percutiebot
1485 5229 1658 5286 peetus
1697 5236 1850 5278 sum
1866 5263 1881 5287 ,
1919 5221 2126 5277 dicens:

541 5305 701 5372 Deus.
724 5305 977 5375 propitius
991 5315 1102 5362 esto
1125 5308 1254 5362 milii
1279 5312 1530 5377 precaturi
1541 5327 1561 5376 ;
1599 5312 1715 5369 dfco
1735 5314 1896 5380 nobis,
1917 5315 2124 5370 descen-

541 5401 612 5456 dit
631 5401 715 5454 hic
726 5398 1042 5473 jusliﬁcatus
1065 5400 1334 5458 indoctum
1355 5419 1504 5459 suam
1521 5405 1690 5474 utagis
1707 5422 1864 5475 quam
1881 5407 1969 5461 ille
1984 5405 2128 5462 Pha-

537 5495 744 5562 riam,
765 5493 890 5562 quia
905 5491 1076 5549 acinis
1091 5493 1183 5562 qui
1209 5494 1484 5564 sustollit
1513 5495 1868 5554 humiliabitur
1893 5507 1941 5553 et
1969 5499 2127 5568 quise

542 5586 780 5642 inmittat
801 5584 1311 5652 adlabiturﬂuane
1339 5601 1458 5653 nos,
1473 5587 1666 5644 fratres
1689 5590 1974 5656 carissimi,
1989 5590 2130 5649 diri-

486 5700 488 5703 ·
539 5695 608 5740 aa
636 5679 906 5736 locutione
931 5679 1170 5735 dicentes
1187 5675 1279 5750 [ιν.
1307 5680 1910 5753 discentes].postquam
1931 5697 2128 5754 cogno-

547 5774 724 5828 vimus
751 5771 819 5828 ad
845 5773 1143 5830 orationem
1167 5773 1397 5843 qualiter
1418 5775 1679 5831 anteriore
1695 5775 2012 5844 debeamus,
2029 5791 2123 5834 es-

539 5876 862 5938 gnoscamas
883 5904 900 5931 ,
939 5864 1150 5922 dicente
1175 5864 1422 5938 Domitio,
1463 5867 1596 5936 quid
1625 5883 1878 5926 oremus:
1909 5870 2008 5940 sic.
2041 5869 2125 5926 in-
2177 5937 2186 5944 _

2238 4753 2358 4808 loco
2395 4752 2525 4808 dicit
2561 4754 2683 4824 quia
2715 4753 2855 4810 ﬁlius
2880 4767 3003 4810 esse
3039 4754 3145 4825 iam
3172 4756 3355 4824 erepit.
3401 4755 3472 4812 In
3500 4776 3618 4825 sata,
3647 4761 3814 4830 inquit,

2231 4847 2444 4917 propria
2470 4849 2601 4900 uenit
2651 4857 2700 4904 et
2721 4847 2802 4902 sui
2825 4864 2940 4902 eum
2983 4864 3087 4902 non
3113 4862 3441 4918 receperunt;
3462 4865 3705 4924 quotquot
3731 4870 3812 4907 ss-

2231 4951 2334 4994 tem
2361 4956 2478 5002 eum
2497 4940 2964 5012 receperunt,th
2991 4943 3062 4995 eis
3089 4950 3390 5009 potestatem
3408 4946 3556 5013 ﬁlios
3585 4946 3677 5001 Dei
3691 4947 3808 5015 ﬁeri,

2229 5034 2320 5102 qui
2347 5035 2562 5090 credunt
2600 5035 2653 5088 in
2681 5035 2886 5090 nomine
2921 5035 3037 5105 ejus
3057 5074 3076 5100 ,
3107 5035 3198 5104 qui
3237 5048 3417 5092 autem
3445 5040 3626 5094 credit
3657 5044 3706 5098 in
3732 5055 3813 5094 no-

2237 5125 2378 5180 mine
2419 5127 2535 5196 ejus
2559 5135 2613 5181 et
2640 5125 2814 5182 factus
2838 5136 2922 5184 est
2950 5126 3042 5182 Dei
3073 5125 3238 5186 Filius
3263 5169 3276 5192 ,
3328 5129 3461 5186 hinc
3509 5132 3671 5188 debet
3698 5133 3812 5188 inci-

2235 5232 2382 5288 pere,
2426 5226 2483 5273 ut
2527 5219 2721 5288 gratias
2747 5229 2892 5290 agat,
2925 5219 3236 5290 proﬁteatur
3261 5235 3323 5277 se
3355 5222 3454 5284 Dei
3482 5224 3676 5282 Filium
3700 5226 3808 5290 dura

2233 5311 2473 5368 nominat
2501 5322 2703 5382 patrem
2731 5305 2836 5370 sibi
2866 5327 2985 5370 esse
3011 5314 3066 5370 in
3092 5315 3264 5384 celis,
3299 5316 3471 5374 Deum
3496 5329 3810 5376 contestetlr

2231 5417 2446 5474 quoque
2471 5402 2614 5459 inter
2640 5403 2810 5475 prima
2837 5405 3017 5460 statim
3049 5405 3342 5464 nativitatis
3372 5423 3490 5478 sua:
3515 5413 3706 5478 verba,
3735 5426 3810 5466 re-

2233 5496 2510 5554 nuntiasse
2535 5512 2596 5553 se
2619 5504 2835 5554 terreno
2862 5507 2916 5553 et
2936 5499 3133 5553 carnali
3165 5502 3303 5570 patri
3329 5513 3384 5558 et
3412 5515 3620 5574 patrem
3647 5509 3810 5564 solun

2235 5603 2394 5648 nosse
2419 5605 2542 5648 esse
2585 5599 2641 5648 et
2671 5591 2868 5648 habere
2894 5594 3125 5662 erupisse
3151 5595 3240 5662 qui
3283 5595 3358 5649 sit
3400 5595 3456 5650 in
3497 5598 3665 5652 cretis.
3694 5599 3808 5654 dull

2231 5683 2489 5752 scriptum
2514 5691 2594 5739 est
2617 5700 2634 5740 :
2659 5684 2761 5752 Qui
2783 5684 2968 5742 dicunt
2991 5687 3154 5754 patri,
3176 5695 3231 5741 et
3254 5689 3433 5752 matri,
3453 5687 3570 5742 Non
3596 5692 3718 5744 noxi
3741 5702 3803 5750 te.

2229 5787 2285 5834 et
2312 5776 2453 5832 ﬁlios
2479 5791 2607 5834 suos
2631 5792 2736 5833 non
2765 5787 3128 5847 agnoverunt,
3159 5779 3212 5832 hi
3253 5783 3625 5837 custoJierunt
3653 5785 3800 5836 verbi

2230 5876 2317 5924 tua
2333 5879 2386 5925 et
2404 5878 2774 5943 testamentum
2795 5879 2939 5938 tuum
2952 5882 3319 5946 servaverunt.
3339 5873 3467 5928 liem
3493 5873 3799 5936 Domiunsin

3467 6475 3914 6488 Ἧ-η-ιήήή,
