3886 6520
121 391 248 451 1117

1079 381 1143 437 θ.
1184 373 1557 436 AUGUSTINI
1595 373 1800 436 LIBER
1835 374 1926 434 DE
1963 375 2329 438 ΟΒΑΤΙΟΝΕ.

3221 378 3359 439 ιιιε

117 507 391 579 Evangelia
415 520 514 561 suo
537 503 793 575 praecepit
819 544 832 563 ,
871 515 940 556 ne
976 514 1229 560 vocemus
1269 497 1426 553 nobis
1470 505 1675 565 patrem
1703 496 1757 557 Δ
1781 493 1904 564 quia
1935 495 2050 565 ipse
2077 496 2251 553 dixit:
2294 493 2482 553 Sancti
2522 506 2693 558 estote
2734 497 2981 569 quoniam
3011 512 3112 570 ego
3140 507 3359 556 sanctus

119 614 170 668 in
191 615 351 666 terra,
393 599 533 672 quod
575 599 643 652 sit
689 596 893 652 scilicet
941 595 1093 651 nobis
1125 606 1262 648 unus
1292 591 1449 646 Pater
1475 589 1565 658 qui
1595 597 1679 645 est

117 701 168 758 in
189 696 360 753 etatis.
401 681 755 758 Etdiscipuln
785 689 874 757 qui
915 686 1242 742 mentionem
1274 682 1439 750 patris
1477 681 1679 737 fecerat

116 786 411 856 respondit,
463 783 589 839 Sine
631 781 821 835 mortui
860 778 1106 843 sepeliant
1155 786 1383 830 mortuos
1407 789 1426 828 :
1469 773 1678 829 dixerat

112 885 474 947 mpetrant
525 888 679 928 suum
725 881 1032 935 mortuum,
1063 883 1184 923 cum
1231 868 1303 921 sit
1345 864 1675 920 credentium

112 982 254 1045 pater
283 983 440 1024 unus.
479 966 660 1033 Neque
703 965 804 1022 hoc
850 963 1064 1025 solum,
1107 960 1296 1018 fratres
1321 957 1672 1024 dilectissimi,

105 1061 525 1122 animadvertere
549 1066 606 1114 et
643 1056 939 1125 intelligere
963 1053 1220 1109 debemus
1270 1050 1408 1118 quod
1441 1048 1673 1117 appella-

102 1172 218 1215 mus
259 1164 471 1223 patrem
519 1150 610 1219 qui
661 1149 733 1204 sit
776 1149 828 1203 in
867 1146 1017 1203 caelis
1044 1185 1061 1210 ,
1099 1144 1192 1200 sed
1219 1144 1590 1212 coniungimus
1619 1149 1675 1197 et

101 1251 410 1323 adiicias.
458 1243 621 1301 Pater
662 1252 851 1307 noster,
886 1242 937 1296 id
959 1249 1042 1295 est
1084 1253 1266 1294 eorum
1309 1238 1399 1308 qui
1449 1237 1674 1296 credunt

100 1342 232 1416 quod
261 1355 363 1410 per
387 1353 508 1396 eum
539 1336 855 1394 sanctiﬁcati
885 1343 938 1389 et
963 1335 1150 1404 gratiae
1195 1334 1490 1401 spiritualis
1527 1333 1670 1387 natio

99 1437 254 1493 vitate
278 1431 547 1503 reparati,
582 1430 672 1483 lilii
705 1442 826 1482 esse
851 1436 1149 1496 coeperunt.
1177 1426 1306 1492 Quae
1331 1439 1430 1479 vos
1456 1423 1671 1482 Judmos

95 1525 445 1594 restringitet
467 1520 719 1592 percutit,
749 1519 834 1588 qui
867 1518 966 1573 sibi
1005 1517 1274 1572 Christum
1313 1531 1408 1586 per
1439 1515 1670 1584 praphe-

96 1628 171 1674 tas
193 1613 574 1672 annumiatum
603 1619 659 1666 et
680 1610 746 1670 ad
774 1625 839 1664 se
877 1609 1020 1677 prius
1049 1609 1304 1673 missum,
1331 1624 1436 1662 non
1466 1616 1669 1664 tantum

91 1713 412 1779 spreverunt
447 1702 753 1766 inﬁdeliter,
803 1700 898 1758 sed
955 1702 1116 1756 etiam
1171 1700 1459 1756 crudeliter
1511 1716 1670 1757 neca-

93 1806 273 1856 verunt
313 1815 326 1850 :
353 1797 448 1866 qui
474 1810 583 1850 non
617 1801 838 1863 possunt
876 1802 1079 1861 patrem
1111 1793 1272 1847 Deum
1301 1806 1513 1859 vocare,
1546 1808 1667 1848 cum

93 1890 351 1948 Dominus
375 1903 472 1944 eos
497 1885 784 1942 confundat
824 1894 880 1942 et
909 1884 1196 1952 redarguat
1222 1884 1402 1940 dicens
1427 1901 1442 1938 :
1478 1885 1581 1940 Vos
1609 1887 1673 1939 de

94 1994 232 2055 patro
260 1984 467 2042 diabolo
491 1984 601 2038 nati
617 1982 762 2048 estis,
793 1993 838 2034 et
863 1980 1300 2050 concupiscendos
1333 1980 1674 2048 patrisuestri

94 2081 254 2150 facere
297 2077 490 2140 vultis,
534 2075 622 2128 ille
667 2075 804 2130 enim
847 2073 1104 2127 homicida
1144 2073 1244 2143 fuit
1282 2072 1348 2126 ab
1379 2074 1592 2130 initioet
1619 2075 1674 2129 in

93 2171 291 2224 ueritate
329 2183 436 2222 nou
469 2166 613 2227 stetit
637 2207 651 2229 ,
679 2165 803 2234 quia
830 2165 1014 2218 veritas
1037 2179 1140 2218 non
1163 2172 1237 2218 est
1261 2163 1317 2218 in
1347 2161 1469 2217 illo:
1495 2169 1552 2218 et
1579 2178 1674 2234 per

93 2259 278 2316 Isaiam
303 2257 621 2328 prophetam
644 2255 903 2321 Dominus
926 2257 1124 2311 clamat
1151 2255 1434 2326 indignans
1459 2275 1472 2310 :
1506 2253 1673 2312 Filios

89 2352 236 2423 genui
279 2360 324 2403 et
366 2349 627 2410 exaltari:
655 2349 753 2418 ipsi
791 2357 960 2402 autem
1005 2360 1300 2417 spreverunt
1328 2365 1440 2414 me;
1467 2349 1673 2419 agnouit

89 2444 174 2500 bos
200 2456 540 2514 possessorem
578 2457 729 2498 suum
771 2450 818 2495 et
867 2442 1041 2496 asinus
1067 2456 1291 2511 praesepe
1331 2439 1540 2496 Domini
1569 2442 1668 2507 sui,

92 2534 254 2592 Israel
282 2549 479 2590 menon
499 2533 730 2602 cognovit
751 2540 798 2586 et
824 2531 1044 2602 papulas
1080 2549 1221 2586 meus
1249 2549 1350 2586 non
1380 2531 1669 2587 intellexit:

85 2645 187 2696 ate,
213 2645 336 2700 gens
383 2630 675 2692 peccatrix,
718 2625 940 2696 populus
986 2625 1170 2694 plenus
1207 2627 1457 2693 peccatis,
1501 2625 1670 2679 semen

85 2735 339 2786 nequam,
369 2719 469 2788 ﬁlii
509 2719 780 2782 scelerati,
825 2713 1138 2786 dereliquisti
1187 2715 1460 2770 Dominum
1504 2715 1670 2770 Deum

83 2821 228 2866 tuum
251 2820 303 2865 et
329 2811 730 2881 indignationem
743 2811 923 2864 misisti
943 2826 1110 2866 semen
1131 2809 1317 2865 Israel.
1359 2810 1414 2864 lu
1442 2827 1667 2879 quorum

78 2905 551 2974 exprobrationem
603 2903 886 2956 Christiani
935 2902 1148 2972 quando
1204 2919 1449 2969 oramus,
1511 2902 1669 2960 Pater

75 3003 266 3053 noster
292 2996 474 3063 primo
522 2994 574 3048 in
603 2995 720 3050 loco
740 2994 963 3050 dicimus
986 2995 1112 3064 quia
1143 3006 1326 3051 noster
1354 3011 1478 3052 esse
1504 2999 1668 3067 cmpit

72 3098 131 3146 et
150 3088 477 3145 Iudaeorum
507 3088 592 3157 qui
623 3102 744 3142 eum
772 3086 1171 3154 dereliquerunt
1193 3101 1311 3142 esse
1336 3087 1515 3143 desiit.
1559 3090 1670 3144 Nec

65 3191 325 3251 peccator
369 3178 598 3250 populus
640 3185 816 3247 potest
859 3192 981 3234 esse
1008 3178 1186 3244 titius,
1225 3178 1321 3234 sed
1362 3180 1552 3249 quibus
1582 3195 1669 3236 re-

1779 600 1921 652 sum,
1961 586 2012 640 Id
2047 589 2269 656 petimus
2293 599 2348 644 et
2375 605 2628 661 rogamus
2660 598 2718 644 ut
2746 592 2834 662 qui
2865 590 2916 646 in
2946 589 3207 662 baptismo
3232 604 3356 645 san-

1777 678 1991 732 ctiﬁcati
2017 694 2200 734 sumus
2233 681 2284 736 in
2327 697 2391 734 eo
2422 682 2560 749 quod
2589 696 2711 736 esse
2737 681 2999 750 carpimus
3040 696 3356 750 persevere-

1779 788 1914 839 mus,
1941 781 1997 829 et
2023 775 2125 829 hoc
2142 775 2380 846 quotidie
2403 775 2782 844 deprecamur;
2814 790 2946 844 opus
2973 785 3054 830 est
3084 774 3224 828 enim
3255 787 3356 832 no-

1777 865 1856 920 bis
1878 866 2184 935 qu0tidiana
2216 868 2634 926 sanctiﬁcatione
2657 907 2674 932 ,
2709 876 2766 922 ut
2787 867 2882 939 qui
2914 867 3150 936 quotidie
3186 867 3358 922 delin-

1781 957 2034 1025 quimus,
2052 957 2243 1020 delicta
2271 969 2452 1014 nostra
2485 958 2900 1017 sanctiﬁcatione
2929 958 3142 1016 assidua
3169 973 3356 1028 repur-

1765 1063 1980 1118 gemus.
2331 1115 2334 1118 ,
3330 1119 3332 1122 ν

1849 1141 1980 1208 Quae
1998 1147 2173 1196 autem
2200 1141 2640 1216 sitsanctiﬁeatio
2663 1157 2781 1212 quae
2808 1141 2959 1197 vobis
2980 1139 3073 1196 Dei
3093 1124 3357 1209 dignatio-

1772 1248 1839 1290 ne
1859 1233 2164 1289 conferetur
2189 1231 2283 1306 [ιθ.
2313 1232 2641 1306 conferatur]
2682 1235 2965 1304 Apostolus
2995 1233 3242 1302 praedicat
3262 1232 3351 1286 tli-

1771 1342 1930 1385 cens:
1960 1326 2140 1398 Neque
2168 1329 2455 1398 fornicarii,
2475 1344 2635 1397 neque
2671 1328 2825 1383 idolis
2864 1329 3152 1389 servientes,
3193 1341 3355 1395 neque

1769 1421 2014 1490 adulteri,
2028 1437 2184 1489 neque
2196 1421 2394 1490 molles,
2408 1437 2567 1490 neque
2579 1425 2920 1476 masculorum
2937 1413 3262 1490 appetitam,
3278 1434 3356 1474 ue-

1769 1529 1864 1581 que
1894 1513 2054 1584 fures,
2076 1529 2234 1583 neque
2254 1512 2592 1581 fraudulenti,
2614 1530 2774 1582 neque
2794 1513 2997 1580 ebriosi,
3022 1527 3180 1583 neque
3203 1511 3357 1565 male-

1771 1605 1892 1672 dici,
1911 1623 2069 1676 neque
2081 1615 2312 1677 raptores
2328 1621 2537 1676 regnum
2548 1604 2644 1662 Dei
2657 1591 3051 1674 consequentur:
3073 1613 3117 1656 et
3137 1603 3229 1656 hoc
3243 1602 3356 1672 qui-

1771 1702 1886 1755 dem
1914 1701 2084 1772 fuistis
2107 1744 2122 1771 ,
2162 1701 2251 1756 sed
2289 1701 2446 1756 abluti
2474 1700 2591 1754 estis
2615 1740 2632 1765 ,
2679 1699 2767 1752 sed
2789 1695 3066 1769 justiﬁcati
3104 1695 3244 1758 estis,
3267 1693 3356 1748 sed

1770 1794 2079 1863 sancti/ictui
2115 1794 2235 1848 estis
2263 1795 2311 1845 in
2335 1794 2536 1846 nomine
2576 1789 2784 1844 Domini
2829 1793 2990 1842 nostri
3011 1785 3137 1842 Iesu
3166 1785 3356 1841 Christi

1699 1870 1751 1932 Β
1776 1893 1822 1940 et
1869 1883 2072 1956 Spiritu
2121 1883 2215 1937 Dei
2256 1884 2438 1938 nostri.
2478 1881 2600 1936 Haec
2640 1874 2988 1933 sanctiﬁcatio
3037 1876 3172 1929 utin
3202 1873 3356 1931 nobis

1775 1985 2085 2045 permaneat
2130 1990 2365 2029 oramus.
2428 1973 2496 2027 Et
2542 1970 2797 2027 Dominus
2834 1968 3048 2040 quidem
3095 1975 3149 2021 et
3189 1965 3357 2038 judex

1774 2081 1960 2130 noster
1979 2087 2009 2124 a
2039 2086 2099 2126 se
2118 2070 2408 2141 justifscato
2436 2076 2489 2122 et
2515 2077 2700 2122 sanato
2733 2066 3090 2119 comminatur
3112 2061 3222 2132 jam
3249 2075 3356 2116 non

1771 2163 2081 2229 delinquere
2101 2177 2170 2218 ne
2191 2160 2318 2231 quid
2339 2160 2390 2214 ei
2404 2158 2639 2213 deterius
2665 2155 2896 2212 eveniat.
2919 2152 3067 2208 lianc
3087 2148 3357 2210 continuis

1772 2253 2103 2310 orationibus
2129 2266 2342 2322 precem
2369 2249 2597 2306 iacimus
2621 2291 2636 2318 ,
2677 2247 2777 2301 hoc
2803 2245 2991 2301 diebus
3021 2258 3082 2298 ac
3112 2242 3356 2298 noctibus

1775 2343 2147 2416 postulamus;
2181 2349 2235 2396 et
2265 2340 2550 2395 viviﬁcatio
2571 2353 2690 2409 quae
2711 2336 2777 2391 de
2805 2335 2896 2390 Dei
2916 2335 3084 2406 gratia
3107 2334 3352 2396 sumitur,

1773 2438 1943 2507 ipsius
1979 2436 2310 2508 protectione
2334 2441 2579 2488 servetur
2619 2431 2672 2484 in
2697 2429 2958 2484 oratione.
3008 2421 3311 2496 Sequitur“
3338 2437 3352 2474 :

1774 2530 2020 2584 Adveniet
2058 2543 2270 2599 regnum
2310 2536 2472 2582 tuum.
2515 2525 2754 2594 Regnum
2799 2522 2958 2578 etiam
3013 2519 3106 2574 Dei
3156 2530 3354 2586 reprae-

1769 2622 1970 2678 sentari
2031 2621 2186 2676 nobis
2241 2621 2468 2690 petimus
2534 2619 2671 2672 sicut
2733 2625 2790 2671 et
2853 2628 3048 2670 nomen
3113 2611 3232 2682 ejus
3297 2615 3356 2670 ut

1770 2713 2134 2769 sanctiﬂcetur
2163 2713 2217 2768 in
2244 2711 2401 2768 nobis
2428 2711 2774 2780 postulamus.
2817 2698 2946 2760 Nam
2979 2705 3118 2760 Deus
3140 2701 3355 2774 quando

1771 2821 1876 2861 non
1907 2803 2127 2875 regnat?
2184 2813 2275 2858 aut
2327 2802 2468 2872 apud
2519 2816 2637 2855 eum
2680 2798 2905 2869 quando
2951 2796 3168 2865 incmpit
3215 2792 3357 2864 quOd

1771 2910 1990 2960 semper
2045 2892 2142 2948 fuit
2170 2901 2225 2947 et
2267 2906 2390 2948 esse
2420 2906 2525 2957 non
2558 2889 2800 2946 desinet?
2839 2889 3088 2943 Nostrum
3137 2898 3357 2956 regnum

1772 2990 2000 3058 petimus
2032 2985 2284 3042 advenire
2313 3000 2342 3060 ξι
2375 2985 2482 3039 Deo
2513 2983 2666 3038 nobis
2712 2979 3124 3050 repromissum,
3160 2975 3358 3032 Christi

1771 3077 2027 3146 sanguine
2072 3085 2126 3130 et
2180 3075 2427 3144 passione
2457 3078 2776 3144 quaesitum,
2827 3079 2882 3125 ut
2925 3071 3013 3140 qui
3063 3069 3114 3122 in
3159 3065 3360 3124 saeculo
3424 3097 3435 3112 ο

1773 3179 1895 3223 ante
1925 3169 2266 3234 servivimus,
2290 3167 2635 3234 postmodum
2667 3165 2878 3222 Christo
2918 3163 3224 3218 dominante
3274 3175 3360 3217 rc-

66 3245 260 3326 inissio
291 3245 655 3337 peccatorum
672 3269 850 3333 datur,
879 3267 958 3322 eis
988 3267 1218 3324 filiorum
1249 3245 1441 3326 nomen
1471 3269 1671 3325 adscri-
1697 3245 1741 3308 ε
1773 3261 2168 3331 gnemus,sicut
2187 3261 2300 3326 ipse
2325 3257 2604 3328 pollicetur
2625 3270 2675 3313 et
2702 3258 2830 3312 dicit
2855 3274 2867 3309 :
2906 3256 3100 3322 Venite,
3120 3254 3363 3308 benedicti

62 3361 230 3427 bitur,
261 3361 363 3415 eis
410 3360 677 3414 aeternitas
727 3359 1130 3428 repromittitur,
1187 3360 1408 3414 Domino
1446 3361 1562 3428 ipso
1589 3362 1670 3418 di-

71 3460 267 3510 acute:
317 3448 513 3506 Omnis
547 3450 634 3520 qui
663 3450 787 3520 facit
831 3458 1096 3519 paccatum
1131 3466 1304 3512 seruus
1343 3461 1416 3505 est
1451 3454 1668 3520 peccati,

83 3559 258 3599 seruus
297 3550 472 3596 autem
511 3557 611 3596 non
649 3550 820 3596 manet
855 3542 910 3598 in
940 3550 1186 3606 internum
1206 3544 1265 3598 in
1293 3545 1464 3600 domo.
1495 3544 1672 3612 Quan-

85 3644 136 3702 ta
162 3644 347 3692 autem
373 3633 580 3688 Domini
607 3633 957 3703 indulgentia,
979 3644 1179 3702 quanta
1203 3635 1345 3690 circa
1373 3652 1472 3692 nos
1501 3637 1674 3707 digna-

87 3728 248 3796 tionis
274 3727 392 3796 ejus
421 3735 475 3781 et
497 3725 749 3782 bonitatis
799 3726 1052 3788 ubertas!
1091 3734 1146 3780 ut
1179 3727 1257 3781 sic
1285 3742 1383 3792 nos
1443 3729 1674 3786 voluerit

85 3820 392 3882 orationem
435 3817 722 3876 celebrare
757 3818 808 3872 in
827 3827 1122 3887 conspectu
1145 3818 1266 3884 Dei,
1301 3829 1357 3874 ut
1384 3819 1549 3876 Deum
1581 3837 1675 3892 pa-

87 3924 220 3969 trem
253 3925 510 3970 vocemus
551 3921 607 3966 et
637 3920 692 3965 ut
715 3918 801 3966 est
827 3909 1095 3978 Christus,
1124 3910 1293 3972 Filius
1339 3913 1470 3978 Dei,
1522 3916 1600 3969 sic
1621 3923 1676 3970 et

85 4021 182 4066 nos
203 4006 343 4062 ﬁlios
372 4018 760 4071 nuncupemus.
823 4002 972 4072 Quod
1009 4017 1208 4058 nomen
1247 4019 1404 4060 nemo
1433 4013 1673 4061 nostrum

85 4099 305 4154 auderet
353 4097 660 4166 attingere,
711 4096 810 4152 nisi
859 4095 975 4165 ipse
1024 4096 1102 4150 sic
1146 4094 1301 4150 nobis
1343 4096 1676 4165 permisisset

81 4208 260 4259 orare.
303 4188 614 4250 Meminisse
640 4189 838 4259 itaque,
858 4187 1052 4251 fratres
1076 4187 1434 4255 dilectissimi,
1465 4199 1517 4246 et
1535 4191 1676 4247 scire

83 4286 364 4350 debemus,
387 4283 601 4352 quando
644 4283 806 4338 Deum
832 4281 1042 4338 Patrem
1073 4280 1322 4349 dicimus,
1353 4284 1493 4350 quod
1523 4285 1676 4353 quasi

81 4377 202 4442 Filii
221 4378 317 4438 Dei
345 4391 510 4447 agere
531 4375 807 4440 debetnus,
831 4383 890 4428 ut
913 4373 1179 4443 quomodo
1196 4373 1347 4430 nobis
1375 4374 1678 4444 placeamus

81 4466 149 4524 de
175 4466 289 4524 Deo
309 4505 326 4532 ,
359 4466 446 4521 sic
472 4464 575 4519 sibi
604 4472 660 4521 et
687 4464 805 4532 ipse
839 4463 1045 4533 placeat
1073 4463 1139 4517 tle
1168 4463 1349 4528 nobis,
1377 4478 1674 4521 converse-

79 4572 198 4612 tnur
227 4558 382 4629 quasi
417 4554 514 4614 Dei
546 4554 740 4624 templa
760 4595 775 4620 ,
804 4561 861 4608 ut
890 4554 1051 4610 Deum
1087 4555 1137 4610 in
1171 4558 1324 4614 nobis
1348 4566 1556 4612 constet
1579 4559 1671 4612 ha-

1779 3352 1948 3406 Patris
1992 3353 2126 3418 mei;
2158 3351 2397 3422 percipite
2439 3366 2652 3422 regnum
2695 3351 2832 3422 quod
2862 3351 2996 3405 vobis
3023 3358 3259 3423 paratum
3288 3356 3362 3412 est

1784 3444 1846 3497 ab
1874 3443 2068 3516 origine
2093 3444 2294 3500 mundi.

1850 3548 2034 3603 Potest
2063 3561 2212 3614 vero,
2251 3546 2446 3602 fratres
2470 3544 2753 3610 carissimi,
2786 3552 2841 3599 et
2859 3544 2975 3616 ipse
3003 3544 3244 3604 Christus
3267 3559 3360 3604 es-

1773 3658 1834 3701 se
1861 3657 2084 3712 regnum
2134 3641 2267 3708 Dei,
2321 3640 2573 3708 quoniam
2604 3639 2786 3696 venire
2813 3637 3055 3707 quotidie
3089 3638 3357 3706 cupimus,

1773 3736 1926 3806 cujus
1951 3736 2208 3789 adventus
2237 3743 2290 3788 ut
2323 3734 2429 3788 cito
2457 3732 2613 3787 nobis
2651 3738 3065 3801 repraesentetur
3085 3739 3356 3800 optamus.

1774 3827 1906 3882 Nam
1935 3841 2056 3882 cum
2105 3825 2424 3880 resurrectio
2452 3823 2568 3894 .ipse
2596 3825 2695 3889 sit,
2739 3825 2860 3894 quia
2899 3827 2951 3878 in
2977 3824 3093 3894 ipso
3118 3824 3360 3893 resurgi-

1777 3934 1916 3985 mus,
1945 3919 2024 3974 sic
2068 3927 2122 3972 et
2165 3932 2385 3986 regnum
2439 3915 2530 3970 Dei
2579 3925 2754 3985 potest
2806 3917 2920 3983 ipse
2950 3916 3202 3985 intelligi,
3234 3917 3357 3986 quia
3430 3898 3432 3901 V

1774 4010 1828 4066 in
1859 4011 1974 4079 ipso
2005 4007 2275 4078 regnaturi
2315 4022 2519 4062 sumus.
2555 4007 2698 4062 Bene
2728 4021 2950 4078 regnum
2982 4006 3076 4062 Dci
3104 4008 3356 4076 petimus,

1776 4101 1929 4160 idest
1955 4115 2176 4169 regnum
2204 4080 2446 4166 caeleste,
2476 4099 2597 4169 quia
2623 4108 2703 4153 est
2732 4107 2786 4152 et
2815 4108 3069 4160 terrestre
3099 4113 3356 4168 regnum;

1775 4193 1870 4250 sed
1897 4194 1986 4263 qui
2018 4193 2288 4250 renuntiat
2311 4193 2507 4246 saeculo
2537 4191 2707 4262 major
2744 4200 2828 4246 est
2851 4191 3140 4248 honoribus
3165 4192 3278 4262 ejus
3303 4201 3359 4252 et

1777 4302 1966 4358 regno,
1997 4294 2052 4342 et
2077 4286 2201 4342 ideo
2231 4285 2404 4355 quise
2430 4285 2542 4340 Deo
2571 4293 2624 4339 et
2652 4283 2867 4339 Christo
2891 4283 3066 4350 dicat,
3106 4299 3210 4338 non
3249 4293 3356 4338 ter-

1777 4394 1928 4446 rena,
1949 4379 2044 4434 sed
2074 4379 2314 4434 coelestia
2357 4392 2515 4446 regna
2563 4376 2852 4432 desiderat.
2895 4376 3154 4432 Continua
3180 4385 3356 4430 autem

1778 4470 2021 4528 oratione
2069 4479 2124 4526 et
2177 4483 2335 4539 prece
2394 4482 2529 4540 opus
2559 4477 2670 4535 est,
2704 4484 2771 4522 ne
2796 4468 3106 4524 excidamns
3134 4482 3163 4522 a
3191 4481 3358 4538 regno

1777 4567 2006 4635 ctelesti,
2035 4565 2182 4621 sicut
2203 4564 2396 4632 .ludtei,
2428 4564 2620 4632 quibus
2640 4563 2789 4635 prius
2813 4562 3130 4632 promissum
3165 4561 3356 4626 fuerat,

79 4624 274 4718 bitare',
301 4663 410 4704 nec
431 4647 500 4702 sit
532 4646 764 4717 degener
796 4654 945 4701 actus
977 4657 1158 4704 noster
1186 4663 1214 4701 a
1245 4649 1432 4718 Spiritu
1452 4690 1467 4715 ,
1496 4658 1554 4704 ut
1581 4650 1670 4720 qui

1776 4659 2089 4716 exciderunt
2111 4657 2337 4714 Domino
2362 4624 2731 4716 manifestatum
2751 4666 2806 4716 et
2838 4657 3095 4725 probante
3120 4673 3132 4709 :
3168 4624 3346 4717 Mulli,

76 4738 387 4808 spiritualcs
435 4748 484 4791 et
530 4737 779 4793 cmleSIes
810 4751 933 4794 esse
981 4739 1240 4806 cmpimus
1279 4740 1489 4795 nonnisi
1517 4739 1670 4810 spiri-

81 4830 240 4897 tualia
267 4845 323 4888 et
347 4830 599 4888 cmlestia
619 4829 917 4898 cogitemus
939 4839 993 4886 et
1019 4844 1256 4900 agamus.
1298 4832 1432 4900 Quia
1471 4843 1528 4887 et
1557 4833 1671 4903 ipse

73 4923 333 4980 Dominus
362 4920 502 4978 dixit
525 4962 541 4990 ,
575 4920 682 4974 Eos
721 4921 808 4989 qui
847 4921 1135 4990 clariﬁcant
1177 4939 1255 4977 me
1280 4922 1592 4994 clariﬁcabo,
1624 4933 1671 4978 et

71 5014 158 5082 qui
194 5030 277 5070 me
317 5021 533 5086 spernet
573 5022 863 5083 spernetur,
909 5013 1103 5076 Beatus
1148 5030 1356 5086 quoque
1399 5017 1670 5088 apostolus

71 5115 126 5180 in
145 5116 398 5187 Epistula
433 5129 531 5177 sua
579 5114 823 5181 exposuit
868 5112 1092 5176 dicens:
1145 5115 1268 5169 Non
1307 5118 1428 5172 estis
1486 5120 1658 5185 uestri,

73 5209 231 5278 entpti
262 5209 408 5267 enim
451 5207 576 5262 estis
619 5206 782 5276 pretio
825 5222 1033 5278 magno,
1074 5205 1390 5279 clariﬁcate,
1433 5209 1597 5265 tollite
1617 5223 1666 5268 et

77 5312 280 5374 portate
308 5301 479 5356 Deum
497 5300 552 5354 in
581 5300 734 5355 corde
760 5308 942 5356 vestro.
989 5299 1114 5356 Post
1135 5301 1234 5354 hoc
1261 5301 1512 5367 dicimus,
1539 5302 1666 5359 San-

76 5393 328 5463 ctiﬁcelur
351 5406 535 5446 nomen
551 5397 697 5444 tuum
720 5429 737 5457 ,
770 5404 875 5446 tton
905 5388 1049 5458 quod
1073 5399 1318 5460 optemus
1358 5401 1415 5446 ut
1435 5391 1670 5447 sanctiﬁ-

77 5494 228 5548 cetur
274 5487 330 5541 in
370 5483 706 5558 orationibus
747 5480 944 5538 nostris
969 5522 986 5550 ,
1032 5482 1136 5544 sed
1187 5482 1324 5551 quod
1365 5491 1610 5553 petamus
1635 5500 1668 5542 a

76 5575 189 5633 Deo
213 5587 271 5635 ut
309 5590 514 5633 nomen
557 5575 673 5648 ejus
702 5572 1062 5630 sanetiiicetur
1100 5573 1153 5629 in
1183 5574 1359 5638 nobis.
1400 5573 1663 5646 Caeterum

77 5681 110 5724 ιι
137 5685 245 5748 quo
281 5668 654 5738 sanctiﬁcatur
700 5667 839 5732 Deus
877 5667 968 5737 qui
1011 5666 1128 5740 ipse
1171 5665 1514 5740 sanctiﬁcat?
1551 5667 1661 5724 Sed

1776 4750 1970 4820 inquit,
1984 4748 2253 4808 venientab
2272 4749 2482 4804 Oriente
2505 4759 2550 4802 et
2571 4747 2843 4802 Occidente
2865 4755 2910 4800 et
2929 4745 3219 4802 occumbant
3239 4760 3356 4798 cum

1777 4841 2070 4908 Abraham,
2099 4839 2253 4893 Isaac
2291 4847 2337 4892 et
2376 4835 2539 4892 Jacob
2564 4838 2616 4892 in
2639 4852 2796 4907 regno
2823 4835 3097 4899 caelorum;
3123 4833 3224 4904 ﬁlii
3254 4850 3354 4887 au-

1776 4945 1876 4991 tem
1917 4934 2062 5004 regni
2107 4933 2375 5002 ejicientur
2419 4931 2476 4985 in
2523 4929 2754 4990 tenebras
2783 4930 3096 4996 exteriores,
3126 4925 3234 4982 illic
3265 4928 3356 4986 erit

1774 5026 1996 5096 ploratio
2025 5033 2073 5078 et
2096 5023 2289 5079 stridor
2314 5022 2563 5080 dentium.
2625 5021 2870 5080 Ostendit
2902 5019 3031 5090 quia
3075 5025 3230 5079 antea
3260 5017 3357 5080 ﬁlii

1766 5116 1914 5187 regni
1942 5124 2092 5172 erant
2121 5114 2311 5183 Judaei,
2344 5113 2635 5187 quando‘et
2662 5114 2752 5168 ﬁlii
2783 5113 2873 5176 Dei
2902 5111 3351 5181 perseverabant:

1773 5217 2058 5280 postquam
2083 5208 2317 5262 cessavit
2341 5218 2528 5262 contra
2555 5220 2648 5261 eos
2669 5220 2863 5261 nomen
2893 5213 3207 5275 paternum,
3236 5217 3354 5258 ces-

1771 5302 1913 5354 savit
1937 5307 1992 5354 et
2019 5313 2264 5370 regnum,
2283 5306 2335 5352 et
2357 5298 2477 5352 ideo
2504 5311 2600 5352 nos
2626 5296 2911 5352 Christiani
2934 5296 3020 5368 qui
3055 5295 3109 5352 in
3146 5295 3350 5350 oratio-

1777 5407 1847 5446 ne
1872 5391 2205 5461 appellamus
2228 5389 2394 5444 Deum
2418 5389 2629 5445 Patrem
2659 5399 2713 5444 et
2741 5391 2999 5458 coepimus
3021 5402 3141 5442 eum
3173 5372 3354 5452 nostis,

1778 5493 2082 5554 utregnum
2118 5481 2210 5537 Dci
2243 5483 2397 5536 nobis
2424 5482 2605 5536 veniat
2643 5483 2878 5536 oramus.
2940 5478 3195 5533 Addimus
3225 5495 3354 5548 quo-

1775 5593 1876 5648 que
1897 5585 1952 5634 ct
1973 5576 2238 5632 dicimus:
2270 5573 2394 5630 Fiat
2432 5575 2663 5629 voluntas
2708 5583 2792 5628 tua
2829 5573 2958 5627 sicut
2993 5574 3046 5625 in
3072 5571 3197 5625 caelo
3236 5580 3280 5623 et
3301 5570 3354 5624 in

1774 5681 1940 5738 terra;
1984 5687 2090 5726 non
2141 5677 2199 5724 ut
2226 5669 2398 5728 solum
2434 5669 2574 5725 Deus
2619 5667 2779 5724 faciat
2805 5666 2948 5738 quod
2986 5667 3129 5734 vult,
3172 5667 3266 5721 sed
3300 5677 3350 5730 ut

137 5805 162 5832 ’
185 5806 349 5874 forte
385 5806 562 5856 melius
591 5805 935 5874 tegeretur_et
965 5803 1354 5874 distingueretur
1375 5804 1466 5855 boe
1502 5806 1644 5857 modo
1664 5819 1678 5858 :
1700 5809 1884 5862 Hoc...
1902 5808 2223 5874 postulamus,
2243 5811 2294 5859 ut
2329 5804 2852 5871 Mnusonetttnfn
2889 5805 3102 5874 oratione
3122 5813 3334 5872 sequiur

79 5868 235 5935 ι’ωιρ
255 5877 367 5934 Post
391 5869 770 5936 οιυυοεθωιιω
797 5868 1053 5928 sitientia
1073 5869 1207 5928 nobis
1227 5875 1343 5930 ante
1361 5874 1411 5924 tt

2967 5869 3104 5930 Eutr.
