4018 6528
657 432 794 491 ill9
1579 415 2140 479 ευΡΡιΕΜΕΝτυλι
2181 413 2244 471 ΔΙ

2218 413 2274 472 .D
2310 411 2542 472 OPERA
2580 411 2641 471 S.
2678 410 3074 471 AUGUSTINI.
3728 424 3805 480 illi

657 561 758 606 nos
785 544 959 601 facere
1005 535 1273 610 possimus
1317 532 1460 607 quod
1503 502 1657 589 iuit:
1691 547 1815 588 nam
1847 530 1958 588 Deo
1984 529 2106 601 quis
2133 529 2233 584 ob-
2262 531 2313 592 Α
2339 541 2445 582 non
2484 541 2815 598 quacumque
2839 527 3010 596 uultis,
3046 525 3151 581 illa
3184 525 3408 596 faciatis.
3444 525 3682 586 Manifesta
3699 550 3807 594 ιυιω

658 639 820 703 sistit,
851 629 1132 702 quominus
1154 627 1368 698 quando
1400 623 1528 681 velit
1563 621 1759 678 faciat?
1789 620 1895 678 Sed
1919 621 2040 692 quia
2070 635 2100 675 a
2127 619 2242 675 dia-
2345 627 2472 673 sunt
2513 617 2651 674 facta
2697 619 2874 674 carnis
2901 633 3020 689 quas
3066 631 3201 674 sunt
3224 617 3502 686 adulteria,
3529 621 3807 706 ionicam‘

659 729 785 786 bolo
823 723 1104 781 obsistitur
1150 719 1436 790 quominus
1469 729 1565 786 per
1614 713 1793 770 omnia
1823 720 2007 768 noster
2033 710 2244 766 animus
2349 710 2722 775 immunditiam
2755 710 3028 780 spurcitia,
3063 709 3427 774 idololatria,
3452 713 3687 781 veueﬁcia‘,
3709 719 3810 778 δοιῇ.

660 830 821 892 atque
850 823 1000 872 actus
1045 813 1155 869 Deo
1196 811 1545 880 obsequatur,
1575 821 1789 862 oramus
1817 813 1872 860 et
1917 804 2145 874 petimus
2191 811 2248 858 ut
2347 801 2505 869 cidia,
2538 801 2854 870 inimicitias,
2885 805 3293 869 contentiones,
3324 803 3665 876 mmulationes,
3685 811 3809 870 anius

660 911 756 968 ﬂat
773 910 827 966 in
857 906 1011 964 nobis
1039 906 1285 960 voluntas
1316 901 1430 957 Dei.
1475 899 1627 969 Quod
1647 908 1707 952 ut
1729 898 1820 952 liat
1847 897 1901 951 in
1933 895 2088 952 nobis
2114 908 2248 964 opus
2351 894 2575 958 sitates,
2627 895 3063 964 provocationes,
3100 895 3502 965 simulationes,
3532 898 3810 979 dissensione,

660 1012 744 1060 est
777 1001 869 1058 Dei
899 999 1168 1054 voluntate
1191 1037 1206 1062 ,
1255 994 1305 1049 id
1337 1003 1418 1050 est
1443 1007 1606 1063 opere
1646 991 1764 1063 ejus
1799 999 1854 1045 et
1893 989 2245 1060 protectione,

662 1095 785 1168 quia
811 1109 968 1150 nemo
991 1091 1102 1146 suis
1132 1087 1335 1144 viribus
1363 1088 1515 1143 fortis
1537 1095 1639 1151 est,
1672 1085 1765 1141 sed
1799 1084 1890 1138 Dei
1917 1083 2248 1154 indulgentia

667 1196 729 1245 et
755 1183 1123 1242 misericordia
1151 1192 1295 1237 tutus
1320 1191 1424 1237 est.
1466 1178 1706 1249 Denique
1739 1179 1992 1232 Dominus
2018 1186 2073 1232 et
2106 1173 2252 1231 infir-

666 1278 906 1336 mitatem
931 1276 1161 1332 hominis
1179 1289 1342 1346 quam
1365 1273 1611 1345 portabat
1629 1271 1916 1328 ostendens
1945 1271 2037 1325 ait:
2067 1268 2248 1336 Pater,

665 1377 712 1432 si
737 1374 851 1444 ﬁeri
869 1383 1031 1445 potest
1058 1381 1283 1428 transeat
1300 1370 1441 1425 calix
1471 1371 1566 1424 iste
1585 1384 1617 1422 a
1635 1367 1920 1432 me;etiam
1951 1366 2251 1435 exemplum

668 1466 945 1538 discipulis
973 1463 1086 1521 suis
1113 1464 1354 1520 tribuens
1377 1470 1436 1517 ut
1470 1476 1576 1518 non
1604 1461 1934 1518 voluntatem
1963 1474 2137 1526 suam,
2160 1457 2254 1515 sed

667 1561 815 1618 illa
862 1560 956 1616 Dei
1008 1559 1236 1626 faciant,
1275 1556 1420 1611 addit
1462 1553 1641 1610 dicens
1685 1571 1701 1609 :
1742 1553 2103 1609 Verumtamen
2154 1568 2255 1606 non

670 1654 801 1708 sicut
825 1669 917 1725 ego
937 1653 1072 1717 volo,
1093 1651 1180 1706 sed
1201 1650 1339 1718 quod
1362 1656 1416 1702 tu
1437 1665 1458 1714 ;
1483 1657 1538 1704 et
1561 1646 1665 1702 alio
1689 1646 1808 1702 loco
1837 1647 1961 1702 dicit
1983 1663 1999 1702 :
2025 1644 2147 1700 Non
2168 1646 2260 1699 de-

668 1744 842 1800 scendi
862 1745 926 1798 de
953 1744 1076 1799 ctelo
1097 1751 1154 1796 ut
1174 1743 1360 1809 faciant
1388 1740 1697 1795 uoluntatem
1716 1756 1901 1805 meam,
1924 1739 2011 1793 sed
2041 1741 2151 1812 ejus
2171 1743 2261 1809 qui

673 1836 814 1891 misit
842 1850 940 1888 me.
981 1833 1130 1901 Quod
1159 1833 1202 1886 si
1231 1831 1400 1886 Filius
1440 1829 1712 1886 obaudivit
1748 1838 1805 1884 ut
1843 1831 2036 1884 faceret
2071 1830 2260 1884 volun-

2354 986 2587 1041 htereses
2605 1025 2620 1050 ,
2646 986 2862 1041 invidiae
2877 1031 2892 1056 ,
2935 987 3238 1043 ebrietates
3251 1028 3268 1055 ,
3299 988 3693 1058 comessationes,
3711 1005 3749 1050 et
3767 999 3812 1056 hii

2353 1078 2574 1146 similia,
2605 1094 2727 1150 qua:
2750 1080 2842 1151 qui
2871 1081 2993 1137 talia
3021 1091 3193 1152 agunt
3219 1096 3438 1153 regnum
3477 1082 3560 1139 Dei
3595 1100 3676 1140 uo
3700 1103 3812 1146 coast.

2353 1181 2602 1242 queutur.
2644 1172 2870 1228 Fructus
2910 1183 3092 1230 autem
3132 1176 3360 1244 spiritus
3387 1175 3809 1251 gaudium,de

2357 1279 2480 1335 pax,
2507 1266 2944 1338 magnanimitas,
2973 1267 3213 1338 bonitas,
3245 1269 3398 1340 fides,
3419 1276 3812 1342 mansuetudo,»

2359 1359 2600 1426 tinentia,
2624 1361 2876 1429 castitas;
2901 1371 2960 1418 et
2986 1362 3195 1419 idcirco
3235 1363 3546 1434 quotidianis
3573 1377 3696 1439 atque
3712 1377 3810 1429 ututi-

2358 1451 2480 1507 nuis
2529 1453 2891 1509 orationibus.
2921 1456 3210 1523 precamur
3255 1467 3311 1512 et
3362 1457 3412 1511 in
3439 1459 3564 1514 cmlo
3598 1470 3640 1515 et
3667 1463 3704 1516 in
3729 1477 3809 1520 tun

2359 1543 2686 1600 voluntatem
2710 1545 2806 1601 Dei
2831 1546 2946 1602 fieri
2975 1547 3122 1602 circa
3150 1561 3275 1610 nos,
3305 1548 3425 1616 quia
3447 1547 3552 1605 hac
3569 1552 3807 1611 voluntast

2359 1641 2442 1690 est
2469 1643 2526 1690 ut
2557 1644 2769 1693 terrena
2804 1636 3118 1693 coelestibus
3160 1636 3390 1708 cedant,
3419 1640 3673 1709 spiritualis
3695 1659 3805 1700 cam-

2360 1727 2498 1784 libus
2527 1730 2873 1798 prsevaleant.
2943 1732 3128 1787 Potest
3159 1733 3323 1786 etiam
3370 1733 3445 1787 sic
3469 1733 3804 1806 intelligi,an

2360 1824 2650 1889 carissimi,
2683 1833 2741 1878 ut
2769 1823 3019 1894 quoniam
3062 1822 3290 1879 mandat
3312 1833 3368 1879 et
3402 1835 3563 1881 monet
3589 1825 3805 1884 Domituset

670 1934 833 1982 tatem
859 1925 1030 1981 Patris
1055 1967 1069 1991 ,
1109 1931 1308 1994 quanto
1348 1922 1516 1993 magis
1551 1934 1738 1976 servus
1783 1919 2042 1974 obaudire
2071 1919 2250 1984 debet,
2287 1920 2330 1980 Β
2360 1917 2606 1973 inimicos
2647 1917 2869 1988 diligere
2905 1925 2960 1972 et
3009 1931 3110 1985 pro
3151 1917 3240 1971 bis
3285 1932 3488 1988 quoque
3517 1918 3592 1988 qui
3614 1934 3805 1989 nossem

673 2024 732 2071 ut
762 2016 920 2072 faciat
943 2015 1154 2070 Domini
1181 2011 1547 2069 voluntatem?
1582 2011 1728 2067 Sicut
1758 2010 1812 2065 in
1836 2010 2059 2078 epistola
2088 2009 2255 2065 Joan-

672 2121 771 2164 nes
801 2121 1010 2178 quoque
1054 2106 1121 2161 ad
1165 2104 1461 2160 faciendam
1508 2103 1603 2159 Dei
1658 2104 1984 2157 voluntatem
2017 2101 2258 2157 hortatur

675 2207 731 2254 et
760 2199 974 2254 instruit
1004 2199 1186 2254 dicens
1212 2215 1227 2251 :
1255 2195 1431 2251 Nolite
1457 2196 1670 2266 diligere
1695 2195 1941 2247 mundum
1961 2235 1974 2258 ,
2009 2209 2172 2264 neque
2196 2209 2259 2250 ea

675 2307 788 2366 qua
807 2292 861 2346 in
891 2291 1084 2346 mundo
1104 2300 1256 2355 sunt;
1286 2291 1331 2344 si
1354 2291 1470 2360 quis
1505 2289 1737 2343 dilexerit
1761 2288 2031 2355 mundum,
2054 2303 2157 2342 non
2184 2296 2259 2341 est

674 2385 896 2438 rharitas
924 2383 1102 2438 Patris
1139 2385 1192 2437 in
1228 2399 1318 2448 co,
1363 2383 1486 2452 quia
1530 2397 1678 2435 omne
1700 2381 1836 2450 quod
1860 2384 1912 2435 in
1941 2382 2131 2435 mundo
2160 2388 2256 2447 est,

672 2477 1080 2548 concupiscentia
1105 2476 1272 2530 carnis
1300 2484 1372 2530 est
1391 2484 1440 2528 et
1457 2476 1740 2540 oculorum,
1763 2482 1809 2528 et
1828 2474 2037 2528 ambitio
2056 2472 2258 2538 saeculi,

675 2579 723 2623 et
762 2569 984 2622 mundus
1023 2568 1208 2620 transit
1243 2575 1292 2620 et
1337 2567 1744 2635 concupiscentia
1770 2567 1902 2637 ejus.
1955 2565 2054 2632 Qui
2085 2576 2261 2620 autem

674 2660 863 2717 fecerit
888 2663 1218 2716 voluntatem
1259 2660 1351 2714 Dei
1388 2671 1568 2713 manet
1608 2660 1659 2713 in
1701 2669 1959 2714 aeternum
1991 2657 2261 2728 quomodo

674 2759 730 2807 et
778 2749 920 2806 Deus
950 2761 1128 2805 manet
1173 2751 1225 2803 in
1269 2758 1562 2816 aeternum;
1611 2764 1778 2819 quare
1826 2750 1870 2803 si
1901 2750 1952 2802 in
2000 2757 2260 2803 aeternum

675 2858 894 2899 manere
923 2842 1208 2909 volumus,
1247 2843 1371 2907 Dei,
1396 2843 1486 2911 qui
1527 2852 1758 2898 aeternus
1785 2851 1896 2909 est,
1937 2842 2261 2898 voluntatem

2361 2018 2599 2080 quunlur
2622 2023 2801 2076 orare,
2827 2017 3071 2080 petamus
3099 2017 3158 2064 et
3187 2023 3285 2077 pro
3312 2009 3413 2064 illis
3431 2010 3513 2080 qui
3537 2010 3674 2066 adhuc
3688 2014 3803 2066 tami

2360 2114 2488 2162 sunt
2509 2115 2565 2160 et
2590 2105 2816 2160 necdum
2863 2105 3116 2161 cmlestes
3146 2112 3427 2174 cmperunt
3452 2118 3580 2173 esse,
3600 2113 3642 2161 et
3661 2113 3701 2159 ut
3726 2105 3802 2160 tim

2361 2198 2482 2254 illos
2502 2198 2747 2253 voluntas
2790 2197 2885 2254 Dei
2937 2197 3060 2262 fiat,
3099 2195 3357 2267 quoniam
3397 2193 3606 2252 Christus
3636 2197 3801 2252 bonum

2359 2291 2765 2354 conservando,
2792 2300 2845 2345 et
2877 2289 3261 2360 reintegrando
3286 2289 3514 2360 perfecit.
3547 2288 3648 2344 Nam
3664 2305 3742 2346 cum
3759 2290 3801 2344 ii-

2361 2381 2552 2451 scipuli
2596 2383 2667 2439 ab
2715 2397 2782 2439 eo
2811 2396 2916 2437 non
2942 2379 3055 2452 jam
3107 2379 3311 2438 terreni
3351 2382 3651 2452 appellentur,
3677 2382 3799 2437 sedul

2364 2485 2542 2544 terra,
2575 2487 2629 2531 et
2660 2475 2951 2546 Apostolus
2979 2473 3213 2544 primum
3255 2473 3508 2530 hominem
3532 2473 3708 2529 vocetde
3727 2473 3801 2528 lino

2364 2577 2551 2633 terrae,
2586 2568 2878 2623 secundum
2901 2581 3030 2624 vero
3065 2567 3137 2623 de
3173 2567 3349 2634 ctelo;
3383 2566 3553 2622 merito
3579 2573 3618 2621 et
3647 2579 3716 2619 nos
3745 2566 3798 2635 qui

2361 2674 2484 2716 esse
2503 2660 2760 2716 debemus
2792 2661 2933 2716 Patri
2958 2659 3074 2714 Deo
3104 2659 3315 2716 similes
3333 2703 3348 2727 ,
3375 2661 3458 2730 qui
3482 2660 3612 2714 solem
3631 2672 3738 2712 suum
3753 2655 3798 2711 ls-

2361 2751 2438 2806 cit
2467 2752 2597 2807 oriri
2641 2767 2806 2824 super
2839 2754 3009 2809 bonos
3052 2764 3111 2808 et
3148 2753 3320 2809 malos
3349 2763 3400 2808 et
3428 2752 3540 2822 pluit
3559 2765 3677 2822 super
3691 2750 3794 2819 justas

2364 2852 2420 2898 et
2453 2843 2705 2915 iujustos,
2735 2845 2816 2902 sic
2853 2844 3074 2901 Christo
3101 2853 3357 2901 mouente
3399 2858 3582 2900 oremus
3609 2852 3795 2911 utptuttt

674 2935 848 2991 facere
876 2936 1151 2990 debemus.
1215 2933 1470 2990 Voluntas
1497 2944 1675 2989 autem
1703 2935 1824 3004 Dei,
1846 2950 2002 3004 quam
2030 2945 2081 2990 et
2111 2935 2266 2991 Chri—
2367 2950 2463 3004 pro
2492 2935 2731 2991 omnium
2769 2936 2942 2991 salute
2977 2936 3267 2993 faciamus.
3315 2935 3378 2994 Ut
3411 2934 3627 3007 quomodo
3646 2934 3789 2996 incolo,

682 3037 798 3084 stus
824 3027 1005 3083 docuit
1033 3036 1087 3083 et
1115 3026 1270 3093 fecit,
1320 3035 1401 3080 est
1450 3026 1719 3082 humilitas
1747 3027 1801 3081 in
1828 3030 2262 3097 conversatione,

677 3121 939 3176 stabilitas
971 3123 1020 3176 in
1049 3121 1174 3186 fide,
1202 3121 1522 3176 verecundia
1548 3121 1599 3175 in
1622 3122 1820 3187 verbis,
1856 3124 1906 3174 in
1931 3121 2086 3177 factis
2110 3123 2264 3194 justi-

683 3212 789 3278 tia,
818 3214 874 3267 in
904 3212 1160 3282 operibus
1186 3212 1548 3267 misericordia
1567 3211 1650 3279 ,in
1678 3214 1915 3268 moribus
1944 3215 2219 3285 disciplina
2244 3232 2260 3271 :

2367 3029 2420 3083 in
2445 3028 2601 3083 nobis
2631 3043 2726 3098 per
2751 3029 2908 3084 ﬁdem
2937 3037 3182 3084 nostram
3211 3029 3443 3083 voluntas
3471 3025 3548 3082 Dei
3569 3026 3667 3080 facta
3685 3034 3790 3084 estut

2365 3134 2606 3176 essemus
2635 3120 2793 3186 coelo,
2828 3120 2899 3174 ita
2929 3128 2984 3175 et
3012 3119 3067 3174 in
3098 3130 3262 3185 terra,
3292 3123 3387 3174 hoc
3404 3129 3474 3174 est
3493 3119 3535 3172 in
3559 3132 3638 3170 non
3657 3114 3786 3169 credes-

2367 3213 2508 3268 tibus
2542 3213 2634 3267 fiat
2674 3213 2920 3266 voluntas
2954 3212 3080 3278 Dei,
3127 3220 3187 3266 ut
3224 3211 3416 3267 scilicet
3452 3206 3789 3263 ﬁantcmlestesa

689 3304 941 3375 injuriam
991 3304 1164 3359 facere
1192 3319 1296 3359 non
1334 3319 1496 3360 nosse
1531 3313 1585 3360 et
1612 3303 1802 3362 factam
1825 3320 1982 3377 posse
2011 3307 2262 3375 tolerare,
2292 3303 2340 3367 Ο
2371 3319 2508 3375 auus
2536 3315 2589 3360 et
2611 3303 2810 3374 Spiritu
2835 3305 2964 3370 nati,
2998 3304 3325 3375 procedente
3349 3301 3556 3358 oratione
3578 3297 3787 3369 postulamus

677 3409 797 3450 cum
827 3395 1084 3450 fratribus
1121 3409 1306 3464 pacem
1337 3408 1556 3462 tenere,
1619 3397 1786 3452 Deum
1835 3412 1902 3453 ex
1944 3408 2054 3454 toto
2091 3401 2258 3458 corde

677 3485 930 3556 diligere,
986 3501 1169 3542 amare
1206 3487 1257 3540 in
1291 3486 1384 3540 illo
1413 3485 1551 3556 quod
1583 3495 1731 3557 pater
1757 3497 1868 3556 est,
1903 3490 2090 3545 timere
2117 3491 2258 3562 quod

677 3575 818 3633 Dens
847 3590 930 3634 est
955 3618 970 3642 ,
1013 3575 1230 3633 Christo
1253 3578 1386 3634 nihil
1419 3595 1732 3649 praeponere
1756 3585 1982 3638 omnino
2005 3583 2130 3653 quia
2160 3599 2260 3641 nec

675 3675 830 3731 nobis
859 3674 950 3731 ille
993 3675 1280 3746 quidquam
1314 3679 1604 3746 praposnit
1625 3719 1640 3744 ,
1689 3674 1934 3729 cbaritati
1962 3673 2080 3743 ejus
2110 3675 2259 3732 inse-

676 3765 986 3834 parabiliter
1015 3765 1288 3820 adhaerere
1314 3807 1330 3831 ,
1369 3768 1514 3820 cruci
1549 3766 1664 3835 ejus
1710 3766 1916 3822 fortiter
1941 3780 2003 3822 ac
2032 3767 2258 3825 ﬁdenter

674 3857 952 3927 assistere,
981 3856 1197 3929 quando
1223 3859 1290 3914 de
1320 3859 1438 3930 ejus
1472 3861 1687 3915 nomine
1715 3871 1768 3916 et
1795 3861 2000 3917 honore
2021 3871 2258 3918 certatur

674 3949 926 4006 exhibere
953 3949 1008 4005 in
1048 3965 1301 4007 sermone
1341 3953 1693 4008 constantiam
1722 3971 1826 4024 qua
1854 3955 2262 4025 confirmamur,

674 4041 726 4097 in
756 4043 1050 4111 quaestione
1077 4042 1322 4099 fiduciam
1346 4061 1447 4116 qua
1469 4047 1864 4116 congredimur,
1889 4048 1940 4102 in
1973 4061 2143 4104 morte
2167 4065 2259 4119 pa-

674 4133 916 4188 tientiam
943 4149 1046 4204 qua
1091 4149 1436 4195 coronamur.
1483 4139 1584 4192 hoc
1624 4149 1707 4193 est
1735 4141 2067 4195 colimredem
2097 4140 2256 4199 Chri-

671 4229 744 4284 sti
778 4230 916 4283 velle
945 4244 1084 4294 esse,
1119 4229 1222 4286 hoc
1249 4241 1332 4286 est
1359 4242 1680 4301 prmceptum
1713 4234 1809 4290 Dei
1838 4238 2010 4306 sequi,
2041 4237 2145 4295 hoc
2173 4249 2258 4296 est

673 4321 999 4375 voluntatem
1031 4320 1206 4376 Patris
1242 4321 1450 4388 facere,
1488 4323 1590 4379 hoc
1617 4332 1700 4379 est
1729 4327 2052 4384 voluntatem
2087 4330 2258 4386 Patris

670 4412 917 4480 implere.
983 4413 1124 4467 Fieri
1173 4425 1348 4468 autem
1411 4417 1640 4481 petimus
1683 4419 2010 4474 voluntatem
2059 4422 2150 4476 Dei
2202 4422 2254 4477 in

670 4503 810 4556 coelo
838 4512 891 4557 et
936 4504 988 4556 in
1029 4514 1170 4558 terra
1195 4545 1210 4569 ,
1257 4506 1396 4574 quod
1425 4517 1709 4578 utrumque
1739 4510 1804 4563 ad
1835 4514 2254 4567 consummatio-

672 4609 794 4648 nem
843 4603 1042 4650 nostrae
1085 4597 1466 4653 incolumitatis
1511 4610 1566 4655 et
1612 4602 1801 4656 salutis
1831 4604 2082 4671 pertinet.
2124 4605 2254 4662 Nam

2363 3404 2421 3451 et
2442 3395 2674 3450 dicimus
2698 3411 2712 3449 :

2431 3487 2626 3543 Panem
2655 3499 2885 3543 nostrum
2912 3489 3275 3561 quotidianum
3311 3489 3376 3543 da
3409 3487 3530 3542 nobis
3549 3484 3680 3548 hodie;
3700 3476 3784 3550 quod

2359 3590 2536 3652 Ροιθδι
2583 3581 2927 3650 Spiriwaliter
2979 3591 3035 3638 et
3094 3581 3400 3652 simpliciter
3450 3576 3664 3646 intelligi:
3699 3569 3782 3639 peti-

2360 3689 2478 3729 mus
2505 3672 2648 3729 enim
2680 3673 2734 3728 id
2761 3673 2906 3744 quod
2950 3673 3158 3730 utiliter
3187 3672 3390 3745 proficit
3414 3671 3472 3726 ad
3511 3670 3686 3724 salutem.
3703 3663 3783 3715 Nam

2360 3769 2511 3835 panis
2536 3767 2658 3823 vita:
2677 3766 2921 3822 ChriStus
2940 3775 3053 3832 est;
3077 3775 3138 3822 et
3163 3767 3313 3837 panis
3341 3764 3420 3820 hic
3435 3762 3621 3818 omnium
3639 3759 3780 3815 ωηεςῆ

2358 3860 2453 3914 sed
2484 3871 2669 3916 noster
2697 3868 2812 3926 est;
2851 3866 2906 3915 et
2951 3858 3226 3928 quomodo
3266 3857 3488 3921 dicimus,
3523 3853 3778 3908 Pateruostel'.

2357 3951 2607 4022 quoniam
2641 3950 3049 4020 intelligentium
3079 3960 3140 4006 et
3167 3948 3478 4005 credentium
3515 3933 3774 4012 νειοταιςεῖε

2359 4053 2413 4098 et
2455 4059 2644 4113 panem
2687 4051 2928 4100 nostrum
2974 4056 3257 4106 vocamus,
3285 4040 3397 4110 quia
3435 4035 3624 4092 Christus
3649 4033 3772 4087 ωειπ,

2357 4152 2477 4192 cum
2519 4151 2715 4206 corpus
2757 4137 2870 4206 ejus
2899 4135 3238 4206 attingimus,
3273 4133 3411 4203 panis
3435 4139 3519 4186 est.
3544 4127 3655 4181 Hunc
3673 4129 3778 4219 auten

2362 4245 2554 4302 panem
2609 4229 2726 4285 dari
2779 4229 2932 4286 nobis
2979 4230 3222 4299 qu0tiilie
3267 4225 3568 4298 postulamus,
3588 4231 3638 4272 ne
3665 4211 3722 4302 qui
3749 4211 3780 4262 in

2360 4301 2573 4378 Christo
2604 4335 2788 4376 sumus
2833 4332 2890 4378 et
2933 4321 3322 4377 Eucharistiam
3369 4313 3565 4388 quotidie
3600 4301 3779 4398 ad

2359 4413 2546 4471 salutis
2577 4414 2893 4483 accipimus,
2928 4413 3292 4469 intercedente
3329 4387 3488 4478 aiiquo
3507 4397 3674 4473 graviori

2359 4515 2470 4573 cto,
2503 4506 2629 4561 dum
2673 4505 2898 4560 abscissi
2944 4515 2998 4560 et
3044 4520 3154 4560 non
3197 4483 3777 4584 communicantesaecitsti

2360 4613 2498 4668 pane
2529 4598 2900 4669 prohibemur,
2932 4614 2962 4652 a
2991 4597 3193 4654 Christi
3223 4605 3429 4664 corpore
3451 4582 3778 4669 εεΡπθτν

670 4699 792 4740 cum
821 4699 1019 4757 corpus
1041 4685 1094 4742 in
1117 4698 1282 4753 terra,
1306 4697 1360 4743 et
1388 4689 1635 4759 spiritum
1671 4664 2038 4762 possideamus
2067 4695 2120 4750 in
2143 4711 2256 4753 cte-
2283 4682 2338 4744 D
2363 4664 2688 4764 praedicante
2731 4702 2786 4746 et
2818 4664 3108 4746 monente:
3135 4688 3244 4758 Ego
3287 4701 3391 4741 sum
3416 4679 3538 4754 panis
3564 4675 3648 4728 tiu!

667 4777 756 4844 lo,
783 4779 882 4849 ipsi
925 4781 1122 4836 caelum
1171 4793 1224 4836 et
1255 4789 1398 4836 terra
1429 4797 1610 4838 sumus
1634 4794 1688 4839 et
1717 4785 1771 4839 in
1797 4793 2024 4856 utroque
2047 4828 2062 4851 ,
2096 4787 2145 4842 id
2173 4799 2258 4844 est

667 4885 897 4942 corpore
941 4882 996 4927 et
1033 4872 1226 4942 spiritu
1255 4883 1315 4929 ut
1342 4875 1586 4931 voluntas
1616 4876 1709 4932 Dei
1753 4878 1845 4932 fiat
1887 4892 2128 4938 oramus.
2159 4879 2252 4936 Est

665 4963 807 5020 enim
836 4964 976 5020 inter
1003 4979 1220 5021 carnem
1255 4976 1311 5022 et
1341 4968 1587 5037 spiritum
1615 4969 1944 5036 colluctatio,
1977 4979 2031 5025 et
2051 4971 2256 5027 discor-

663 5055 912 5112 dantibus
939 5056 1222 5113 adversum
1279 5073 1339 5115 se
1386 5058 1612 5116 invicem
1668 5060 1736 5116 iis
1783 5061 2087 5131 quotidiana
2125 5077 2254 5118 con-

665 5147 873 5215 gressio
901 5156 1004 5213 est,
1038 5157 1098 5202 ut
1121 5164 1226 5205 non
1259 5164 1380 5219 qua:
1405 5151 1668 5215 volumus,
1694 5151 1781 5206 illa
1814 5151 2094 5221 faciamus,
2123 5154 2248 5210 dum

665 5247 884 5320 spiritus
929 5249 1173 5306 caelestia
1224 5253 1416 5322 quaerit
1459 5265 1511 5307 et
1557 5253 1767 5317 divina,
1799 5267 1928 5308 caro
1959 5263 2167 5310 terrena
2195 5265 2252 5312 et

662 5342 942 5400 secularia
981 5345 1363 5412 concupiscit:
1405 5357 1456 5402 et
1503 5347 1624 5401 ideo
1679 5349 1907 5415 petimus
1955 5347 2096 5404 inter
2143 5349 2250 5404 duo

663 5437 820 5492 istam
847 5450 1010 5508 Opera
1033 5446 1090 5494 et
1115 5437 1316 5492 auxilio
1351 5438 1439 5494 Dei
1462 5440 1799 5494 concordiam
1833 5441 1946 5497 fieri
1977 5451 2032 5495 ut
2061 5451 2115 5496 et
2139 5443 2248 5511 spi-

661 5529 768 5585 ritu
796 5539 850 5586 et
882 5545 1046 5586 carne
1075 5531 1323 5586 voluntas
1353 5531 1446 5586 Dei
1477 5543 1712 5603 geratur,
1740 5549 1964 5604 quaeque
1995 5549 2088 5602 per
2122 5549 2248 5590 eum

660 5632 846 5681 renata
875 5635 959 5681 est
982 5625 1159 5681 anima
1189 5632 1542 5680 conservetur
1595 5626 1650 5680 id
1687 5625 1829 5696 quod
1873 5636 2058 5697 aperte
2090 5637 2251 5697 atque

661 5714 942 5770 manifeste
967 5713 1240 5784 apostolus
1269 5713 1465 5770 Paulus
1503 5730 1598 5771 sua
1629 5730 1760 5773 voce
1779 5716 2054 5775 declarat:
2089 5715 2246 5789 Caro,

662 5806 910 5874 inquiens
933 5847 948 5873 ,
985 5806 1300 5878 concupiscit
1324 5806 1570 5864 auersus
1609 5807 1848 5874 spiritum
1868 5847 1884 5873 ,
1913 5808 2126 5877 spiritus
2151 5810 2251 5864 ad-

660 5893 826 5948 versus
853 5885 1056 5950 caritatis
1071 5933 1090 5958 .
1136 5887 1248 5952 luet
1273 5897 1406 5952 αὕτη
1437 5884 1648 5953 inuicem
1673 5896 2011 5953 adversantur
2036 5900 2152 5966 sibi,
2185 5910 2243 5956 tu

2362 4760 2488 4840 calo
2519 4783 2794 4849 descendi;
2824 4784 2870 4837 si
2891 4785 3006 4851 quis
3035 4779 3399 4836 manducauerit
3421 4789 3476 4828 ea:
3497 4772 3572 4823 hoc
3584 4760 3774 4837 ναπιςιίκί

2361 4879 2415 4932 in
2444 4886 2687 4932 wternum
2708 4892 2727 4930 :
2751 4877 2900 4945 panis
2942 4886 3112 4928 autem
3140 4889 3281 4942 quem
3311 4884 3395 4939 ego
3417 4864 3571 4920 dedero
3597 4867 3680 4909 om

2361 4979 2432 5026 est
2463 4987 2556 5041 pro
2580 4971 2756 5024 seaculi
2781 4971 2904 5024 rita.
2935 4968 3158 5037 Quando
3184 4981 3306 5036 ergo
3331 4961 3448 5018 dicit
3469 4959 3511 5012 in
3533 4953 3771 5041 metu???

2360 5035 2485 5116 vero
2511 5060 2558 5114 si
2589 5060 2713 5128 quis
2741 5058 2920 5114 ederit
2947 5035 3017 5114 de
3045 5059 3160 5129 ejus
3192 5035 3338 5127 pane,
3364 5052 3517 5120 utique
3549 5035 3770 5129 inanimil

2357 5163 2442 5210 est
2477 5166 2571 5209 eos
2612 5153 2794 5208 vivere
2821 5151 2914 5223 qui
2944 5123 3140 5222 corpus
3167 5123 3280 5221 ejus
3311 5145 3556 5212 attingunt,
3579 5142 3620 5190 et
3645 5123 3771 5183 ω·

2357 5247 2563 5302 ristiam
2596 5248 2646 5302 in
2679 5263 2736 5302 re
2757 5245 3253 5302 communicationis
3271 5240 3526 5308 accipiunt.
3549 5230 3677 5327 Ιυςω

2357 5350 2436 5396 tra
2466 5340 2759 5397 timendum
2791 5352 2873 5396 est
2900 5351 2955 5397 et
2981 5341 3235 5397 orandum
3265 5351 3328 5393 ne
3351 5335 3460 5390 dum
3481 5329 3578 5399 quis
3596 5321 3768 5374 abstini

2356 5444 2636 5502 separatur
2678 5446 2709 5486 a
2751 5429 2952 5488 Christi
2995 5446 3248 5500 corpore,
3292 5424 3522 5481 abscissus
3546 5413 3763 5507 remaneat:

2358 5499 2561 5592 salute,
2601 5523 2967 5581 comminante
3015 5526 3128 5596 ipso
3169 5531 3223 5578 et
3263 5521 3486 5576 dicente:
3513 5507 3606 5565 Nisi
3636 5499 3766 5554 καθ’

2361 5633 2569 5672 cantem
2607 5617 2705 5687 ius
2744 5617 2969 5675 hominis
3006 5595 3053 5673 et
3076 5615 3289 5672 biberitis
3323 5614 3420 5683 ejus
3443 5597 3679 5670 sum
3697 5595 3758 5687 “ff

2355 5671 3066 5771 habebitis'sitamineo'bis.
3082 5671 3090 5672 ί
3108 5712 3174 5768 Et
3189 5709 3325 5765 .ideo
3341 5671 3508 5776 ὶηηαιι
3528 5671 3760 5781 ποιωτὲ

2353 5819 2442 5866 est
2469 5807 2744 5865 Christum
2774 5807 2892 5863 dari
2919 5807 3078 5863 nobis
3115 5800 3335 5876 quotidie
3358 5775 3566 5866 Num"
3588 5775 3754 5876 ¹¹ι

2351 5864 2571 5958 Christo
2590 5912 2872 5958 manemus
2903 5907 2958 5956 et
2975 5864 3200 5956 vivimus
3218 5909 3245 5948 n
3275 5864 3614 5946 sanctificatione
3631 5864 3752 5921 Μ·
