4018 6528
164 387 309 449 Ili!

1201 388 1261 444 S.
1301 383 1674 443 AUGUSTINI
1712 380 1920 439 LIBER
1964 381 2051 437 DE
2087 381 2458 439 ORATIONE.

3331 386 3459 444 “29

166 519 306 582 pore
331 503 465 576 eius
489 517 602 560 nou
629 501 964 559 recedamus.
992 503 1174 560 Potest
1196 515 1324 557 vero
1347 513 1400 556 et
1427 501 1509 557 sic
1532 497 1776 569 intelligi,
1804 494 1858 557 Α
1883 493 1936 549 iu
1955 495 2073 564 fuga
2087 505 2138 549 ct
2163 493 2625 566 sollicitudineIF.
2641 493 2952 569 solitudine]
2973 485 3148 552 corvis
3164 497 3462 553 ministrau-

171 612 232 658 ut
265 599 361 670 qui
415 599 627 656 saeculo
657 599 1030 654 renuntiamus
1069 606 1125 652 et
1161 596 1376 652 divitias
1403 595 1520 665 ejus
1547 604 1598 648 et
1629 608 1782 664 pom-

169 710 272 767 pas
303 693 419 748 fide
475 692 667 764 gratiae
705 691 998 760 spiritualis
1027 689 1353 760 abiecimus,
1403 688 1578 743 cibum
1627 685 1781 742 nobis

175 793 389 839 tantum
426 792 679 852 petamus
708 790 762 837 et
791 787 1012 848 victum,
1035 797 1154 836 cum
1193 781 1420 836 instruat
1450 777 1706 834 Dominus
1729 785 1784 832 et

173 877 358 930 dicat:
397 875 511 942 Qui
539 892 640 930 non
679 876 1042 928 renuntiaverit
1075 874 1306 927 omnibus
1334 889 1449 943 quae
1492 881 1609 926 sunt
1638 873 1780 942 ejus,

175 983 280 1022 non
322 977 504 1034 potest
549 983 658 1022 esse
704 983 846 1021 meus
903 967 1208 1038 discipulus.
1257 969 1354 1035 Qui
1407 974 1534 1020 ante
1582 964 1782 1020 Christi

175 1059 492 1128 discipulus
515 1059 678 1129 coepit
707 1074 849 1122 esse,
878 1059 1173 1113 secundant
1199 1059 1524 1113 voluntatem
1545 1056 1782 1126 magistri

175 1151 263 1207 sui
305 1153 642 1207 renuntians
683 1152 954 1217 omnibus,
985 1151 1234 1205 diurnum
1275 1149 1435 1206 debet
1463 1149 1647 1205 cibum
1689 1163 1784 1216 pe-

178 1252 320 1310 tere,
353 1229 462 1299 nec
514 1243 568 1298 in
625 1243 837 1312 longum
868 1241 1130 1298 desideria
1162 1241 1430 1311 petitionis
1468 1242 1780 1307 extendere,

178 1335 299 1405 ipso
332 1335 544 1391 iterum
580 1335 807 1389 Domino
833 1335 1216 1406 praescribente
1253 1342 1309 1390 et
1346 1343 1636 1389 monente:
1668 1331 1780 1386 No-

177 1429 268 1484 lite
291 1430 350 1482 in
382 1429 670 1485 crastinum
701 1430 948 1500 cogitare,
979 1427 1232 1492 crastinus
1262 1427 1399 1484 enim
1425 1426 1534 1481 dies
1561 1427 1672 1494 ipse
1698 1441 1784 1479 co-

177 1521 365 1594 gitabit
396 1521 534 1587 sibi,
559 1521 741 1592 suﬂicit
770 1521 911 1575 enim
939 1522 1041 1576 diei
1072 1522 1270 1575 malitia
1299 1537 1414 1576 sua.
1447 1519 1634 1576 Merito
1654 1533 1784 1591 ergo

177 1611 387 1668 Christi
422 1613 727 1683 discipulus
770 1617 966 1669 victum
997 1613 1098 1668 sibi
1132 1613 1184 1668 in
1231 1615 1374 1668 diem
1407 1613 1644 1684 postulat
1690 1612 1782 1682 qui

179 1703 255 1761 de
284 1707 536 1759 crastino
567 1705 880 1776 prohibetur
914 1705 1172 1776 cogitare,
1204 1715 1258 1760 et
1281 1707 1404 1776 quia
1453 1706 1783 1761 contrarium

179 1798 284 1852 sibi
316 1799 386 1851 sit
414 1808 471 1853 et
505 1811 810 1868 repugnans
840 1805 922 1853 est
949 1807 1006 1853 ut
1030 1813 1335 1869 quieramus
1361 1799 1413 1853 in
1444 1799 1642 1853 saeculo
1689 1797 1779 1852 diu

1885 587 2025 641 tibus
2039 588 2409 644 etvolucribus
2420 587 2595 644 cibum
2607 588 3012 657 apportantihus
3028 589 3077 642 in
3095 591 3468 658 persecutione

1887 679 2138 735 nutritur.
2165 680 2243 735 0h
2273 681 2518 736 humanae
2548 682 2766 737 malitias
2789 682 3104 738 detestanda
3132 683 3462 741 crudelitasl

1888 772 2014 826 ferae
2040 782 2262 842 pascunt
2287 783 2340 830 et
2371 789 2497 830 aves
2525 783 2748 845 pascunt
2771 785 2824 829 et
2871 776 3116 831 homines
3143 775 3467 832 insidiantur

1883 873 1936 916 et
1958 863 2204 918 szeviunt.
2232 864 2358 920 Post
2386 865 2487 922 hoc
2524 875 2579 921 et
2605 881 2701 936 pro
2723 867 2955 937 peccatis
2979 867 3184 922 nostris
3208 867 3468 939 depreca-

1889 970 2009 1008 mttr
2030 955 2307 1011 dicentes:
2339 955 2407 1011 Et
2437 959 2634 1012 remitte
2667 958 2812 1012 nobis
2843 968 3047 1023 peccata
3079 966 3256 1013 nostra
3280 999 3296 1023 ,
3337 960 3470 1013 sicut

1883 1057 1931 1103 et
1961 1065 2052 1104 nos
2079 1051 2383 1105 remittimus
2399 1051 2712 1107 debitoribus
2739 1055 2943 1107 nostris.
2973 1054 3151 1108 Primo
3172 1053 3470 1109 subsidium

1888 1144 1993 1199 cibi
2036 1144 2236 1214 petitur
2282 1153 2337 1198 et
2377 1145 2530 1198 venia
2575 1145 2792 1211 delicti,
2825 1156 2880 1198 ut
2924 1145 3013 1213 qui
3057 1145 3166 1200 Deo
3207 1145 3465 1215 pascitur,

1887 1235 1998 1291 Deo
2027 1236 2208 1302 vivat,
2251 1251 2352 1292 nec
2390 1247 2590 1291 tantum
2624 1238 2873 1306 praesenti
2917 1247 2970 1291 et
3000 1237 3278 1308 temporali
3306 1239 3428 1291 vitae
3451 1277 3468 1304 ,

1885 1327 1978 1383 sed
2026 1337 2243 1383 κίοι-ηπ
2288 1329 2586 1383 consulitur
2613 1370 2626 1389 .
2682 1331 2746 1383 ad
2788 1346 2946 1400 quam
2997 1331 3163 1385 veniri
3211 1336 3386 1398 potest
3425 1328 3472 1382 si

1887 1431 2100 1489 peccata
2120 1420 2409 1490 donentur,
2437 1437 2555 1492 qua:
2577 1423 2755 1476 debita
2784 1423 3038 1477 Dominus
3061 1423 3312 1492 appellat,
3335 1423 3476 1476 sicut

1885 1513 1940 1566 in
1973 1513 2259 1584 Evangelio
2288 1530 2386 1568 suo
2415 1514 2582 1569 dicit:
2606 1515 2790 1570 Dimisi
2813 1517 2902 1569 tibi
2929 1532 3078 1571 omne
3105 1517 3328 1572 debitum
3352 1513 3476 1585 quia

1885 1608 2077 1676 rogasti
2102 1623 2198 1659 me.
2231 1607 2399 1672 Quam
2428 1607 2736 1662 necessario
2765 1618 2965 1674 autem,
2992 1624 3149 1677 quant
3183 1612 3476 1671 prudenter

1887 1707 1943 1753 et
1993 1699 2280 1755 salubriter
2312 1700 2666 1755 admonemur
2707 1701 2848 1770 quod
2895 1711 3202 1770 peccatores
3246 1718 3474 1772 sumus,

1887 1790 1974 1859 qui
2009 1806 2104 1857 pro
2135 1793 2365 1861 peccatis
2394 1808 2581 1861 rogare
2609 1794 2999 1863 compellimur,
3033 1803 3106 1858 ut,
3138 1795 3265 1849 dum
3295 1795 3473 1852 indul-

181 1889 372 1945 vivere
413 1890 513 1960 qui
561 1895 790 1960 petimus
819 1907 1038 1961 regnum
1071 1891 1168 1947 Dei
1210 1891 1469 1948 velociter
1504 1891 1779 1946 advenire.

1900 1885 2117 1953 gentiam
2142 1899 2170 1939 a
2191 1884 2301 1940 Deo
2327 1885 2584 1954 petimus,
2614 1885 2954 1942 conscientia:
2984 1888 3191 1943 animus
3221 1888 3472 1944 recorde-

180 1982 272 2038 Sic
303 1993 357 2036 ct
390 1983 680 2052 apostolus
712 1985 899 2038 beatus
939 1992 1121 2039 monet
1167 1982 1406 2040 formans
1446 1993 1500 2038 et
1529 1983 1786 2039 corroboo

181 2087 310 2129 rans
341 2073 461 2142 spei
498 2083 701 2128 nostra:
727 2089 790 2129 ac
821 2074 942 2129 lidei
993 2076 1330 2131 firmitatem.
1359 2075 1506 2131 Nihil
1533 2117 1548 2142 ,
1579 2076 1784 2147 inquit,

183 2163 469 2218 intulimus
508 2165 563 2219 iu
597 2167 734 2221 tutnc
757 2165 1034 2220 mundum.
1063 2167 1281 2222 Certum
1314 2177 1398 2222 est
1437 2166 1579 2237 quod
1611 2183 1787 2238 neque

180 2257 402 2312 auferre
435 2259 748 2327 possimus:
794 2259 1052 2316 habentes
1101 2260 1280 2333 itaque
1307 2261 1692 2318 eshibitioncm
1734 2272 1790 2318 et

181 2356 591 2421 tegumentum,
626 2350 708 2406 his
735 2356 970 2407 contenti
1012 2353 1203 2408 simus.
1230 2354 1332 2423 Qui
1380 2364 1556 2410 autem
1600 2357 1789 2409 volunt

181 2436 382 2494 divites
416 2440 578 2509 fieri,
609 2440 852 2499 incidunt
879 2444 931 2498 in
966 2445 1312 2500 tentatiouem
1341 2455 1394 2502 et
1433 2447 1487 2502 itt
1513 2448 1785 2518 muscipu-

182 2527 289 2586 latu
322 2541 381 2588 et
404 2533 684 2591 desideria
715 2537 880 2592 multa
908 2550 958 2592 et
989 2539 1236 2594 nocentia
1267 2555 1387 2612 qua:
1415 2549 1660 2610 mergunt
1691 2541 1788 2596 ho-

183 2625 388 2682 minem
438 2629 495 2684 in
534 2631 887 2700 perditionem
933 2643 988 2688 et
1034 2636 1086 2689 in
1134 2633 1431 2704 interitum,
1460 2635 1612 2690 radis
1642 2635 1786 2691 enim

183 2718 432 2775 omnium
467 2724 734 2778 malorum
765 2737 847 2779 est
869 2717 1154 2796 cupiditas,
1184 2742 1340 2797 quam
1364 2726 1582 2798 quidam
1611 2742 1781 2797 appe-

185 2819 364 2868 tentes
394 2813 852 2885 naufragaverunt
882 2833 910 2871 a
936 2817 1038 2874 fide
1061 2827 1116 2875 et
1144 2819 1394 2875 inserunt
1421 2835 1482 2875 se
1508 2818 1788 2894 doloribus

185 2904 373 2962 multis
421 2923 438 2960 :
495 2909 656 2963 docet
692 2925 798 2966 non
843 2921 1046 2981 tantum
1090 2914 1512 2968 contemnendas
1537 2953 1556 2980 ,
1597 2913 1692 2968 sed
1733 2922 1791 2967 et.

188 2999 536 3068 periculosas
564 3017 686 3059 esse
715 3004 933 3059 divitias
954 2991 1081 3070 illis,
1107 3020 1230 3062 esse
1257 3007 1492 3062 radicem
1523 3005 1786 3061 malorum

189 3089 593 3148 blandientium
619 3136 634 3160 ,
675 3097 974 3153 caecitatem
1003 3097 1197 3153 mentis
1233 3099 1483 3152 humanae
1512 3098 1781 3153 occultata

192 3182 522 3253 deceptione
553 3184 869 3243 fallentium.
907 3187 1059 3244 Unde
1087 3187 1309 3243 divitem
1356 3187 1578 3243 stultum
1611 3201 1788 3244 saecu-

1891 1985 1996 2043 tur,
2023 1992 2088 2032 ne
2115 1977 2234 2048 quis
2264 1980 2345 2033 vel
2369 1980 2469 2033 sibi
2497 1980 2752 2034 innocens
2778 1981 2982 2048 placeat
3009 1990 3062 2034 et
3093 1995 3147 2035 sc
3165 1980 3473 2036 extollendo

1891 2069 2009 2139 plus
2041 2081 2237 2139 pereat.
2270 2070 2552 2126 Instruitur
2583 2082 2636 2127 et
2663 2072 2890 2128 docetur
2915 2088 2975 2128 se
3023 2087 3247 2142 peccare
3289 2073 3470 2142 quoti-

1891 2163 1978 2216 die
2005 2163 2130 2217 dtnn
2160 2179 2256 2234 pro
2284 2166 2513 2235 peccatis
2533 2165 2753 2235 jubetur
2771 2180 2928 2221 orare
2954 2182 2969 2231 ;
3003 2166 3140 2220 sicut
3166 2165 3398 2234 denique
3418 2171 3476 2220 et

1889 2255 2124 2312 Joannes
2154 2259 2206 2313 in
2229 2260 2453 2328 epistola
2477 2274 2570 2313 sua
2599 2261 2838 2329 sequitur
2860 2259 3043 2312 dicens
3069 2276 3083 2311 :
3105 2257 3167 2313 Si
3190 2258 3476 2312 dixerimus

1888 2351 2024 2421 quod
2055 2364 2317 2421 peccatum
2347 2370 2446 2408 non
2475 2354 2738 2420 habemus,
2788 2370 2878 2407 nos
2917 2354 3054 2423 ipsos
3089 2354 3397 2420 seducimus,
3424 2361 3475 2408 et

1890 2447 2070 2498 veritus
2113 2447 2164 2497 in
2212 2445 2354 2499 nobis
2395 2463 2497 2500 non
2545 2455 2655 2512 est;
2687 2458 2730 2500 st
2777 2457 2948 2500 autem
2977 2447 3196 2515 confessi
3223 2449 3475 2518 fuerimus

1895 2545 2102 2604 peccata
2131 2549 2326 2596 nostra.
2358 2537 2530 2606 fidelis
2559 2549 2608 2592 et
2636 2539 2811 2606 justus
2843 2549 2916 2592 est
2945 2537 3198 2594 Dominus
3215 2540 3301 2608 qui
3329 2540 3476 2594 nobis

1892 2638 2099 2699 peccata
2135 2627 2377 2683 dimittat.
2426 2630 2480 2682 In
2531 2628 2758 2697 epistola
2791 2630 2999 2684 scilicet
3029 2644 3286 2700 utrosque
3321 2645 3476 2687 com-

1891 2722 2080 2792 plexus
2109 2731 2212 2789 est,
2246 2733 2301 2777 ut
2333 2737 2522 2792 rogare
2548 2738 2644 2792 pro
2678 2726 2910 2793 peccatis
2935 2724 3138 2778 nostris
3159 2723 3478 2792 debeamus,

1891 2829 1940 2871 et
1968 2815 2318 2886 impetremus
2357 2816 2736 2888 indulgentiam
2791 2832 2912 2874 cum
2956 2833 3236 2888 rogamus;
3271 2819 3392 2874 ideo
3422 2826 3480 2875 et

1894 2909 2104 2964 fidelem
2155 2909 2350 2964 dixerit
2399 2909 2679 2964 Dominum
2726 2909 2790 2964 ad
2837 2910 3147 2966 dimittenda
3205 2920 3420 2980 peccata
3456 2949 3478 2978 ,

1893 3003 2054 3057 ﬁdem
2087 3005 2488 3074 pollicitati=.nis
2525 3019 2638 3060 sua:
2681 3015 2987 3063 servantem
3017 3007 3140 3078 quia
3184 3009 3274 3077 qui
3319 3022 3480 3064 orare

1893 3109 1992 3150 nos
2025 3111 2118 3164 pro
2149 3097 2344 3151 debitis
2373 3107 2424 3152 et
2453 3097 2684 3165 peccatis
2713 3097 2915 3162 docuit,
2951 3109 3228 3169 paternam
3272 3099 3482 3155 miseri-

1893 3189 2130 3244 cordiam
2157 3189 2399 3258 promisit
2418 3191 2692 3245 etveniam
2715 3199 3016 3247 secuturam
3042 3191 3302 3262 adiunxit;
3329 3192 3484 3263 plane

194 3274 338 3330 lares
361 3277 585 3332 divitias
611 3282 956 3351 cogitantem,
981 3292 1033 3336 et
1055 3296 1116 3336 se
1137 3281 1490 3338 exultantium
1523 3282 1791 3337 fructuum
1819 3273 1867 3338 C
1905 3292 1960 3336 et
1987 3281 2188 3336 addidit
2222 3283 2389 3352 legem
2421 3283 2568 3336 circa
2617 3295 2716 3336 nos
2757 3285 3068 3338 conditione
3096 3295 3150 3339 et
3196 3285 3485 3352 sponsione

197 3365 454 3439 largitate
479 3369 773 3440 iactantem
803 3372 1073 3444 redarguit
1110 3372 1295 3430 dicens
1324 3391 1337 3429 :
1365 3373 1557 3440 Stulte,
1585 3374 1680 3429 hac
1702 3389 1795 3428 no-

194 3469 270 3512 cte
295 3460 668 3530 expostulatur
689 3465 866 3518 anima
887 3474 976 3518 tua
993 3481 1026 3518 a
1047 3475 1250 3533 te:qu¢e
1263 3480 1385 3538 ergo
1407 3466 1626 3538 parasti,
1647 3467 1796 3538 cujus

195 3553 390 3607 erunt?
420 3554 732 3609 Ltetabatur
757 3556 952 3612 stultus
975 3559 1024 3611 in
1055 3538 1315 3613 fructibus
1346 3566 1504 3614 nocte
1530 3558 1615 3612 illa
1639 3558 1798 3613 mori-

196 3651 378 3710 turus,
413 3658 473 3700 et
501 3646 654 3715 cujus
685 3649 791 3702 vita
815 3649 925 3717 jam
956 3649 1141 3705 deerat
1166 3651 1234 3706 de
1269 3651 1441 3706 victus
1469 3651 1796 3710 abundantia

194 3739 502 3807 cogitabat.
533 3739 733 3794 Contra
759 3750 936 3796 autent
970 3742 1228 3799 Dominus
1260 3744 1556 3814 perfectum
1580 3757 1633 3801 et
1669 3762 1800 3801 cou-

195 3840 540 3887 summatum
568 3833 724 3890 docet
749 3835 1136 3906 eum.lieri,qui,
1165 3838 1414 3912 omnibus
1434 3840 1545 3894 suis
1569 3840 1801 3896 venditis

198 3936 366 3997 atque
408 3929 463 3981 in
521 3942 646 3983 usus
669 3943 960 3999 pauperum
981 3930 1296 3992 .distributis
1320 3975 1334 3996 .
1362 3932 1670 3988 thesaurum
1701 3933 1803 3989 sibi

200 4021 404 4077 condat
441 4021 498 4076 in
524 4025 684 4090 cmlo,
719 4023 810 4092 qtti
835 4022 1122 4093 patientem
1145 4040 1270 4082 eum
1299 4025 1425 4082 dicit
1456 4041 1611 4098 posse
1630 4041 1690 4084 se
1718 4043 1804 4084 se-

201 4112 324 4179 qui,
353 4112 452 4180 qui
478 4113 702 4184 gloriam
730 4115 1013 4172 dominicae
1039 4117 1447 4175 resurrectionis
1476 4127 1654 4190 potest
1682 4119 1804 4175 imi-

202 4207 325 4274 tari,
355 4208 452 4277 qui
475 4208 754 4279 expeditus
781 4220 838 4266 et
866 4213 1169 4270 succinctus
1200 4212 1356 4269 nullis
1385 4213 1590 4283 laqueis
1617 4214 1693 4269 rei
1717 4214 1807 4268 fa-

205 4297 434 4356 miliaris
457 4300 768 4370 involvitur,
793 4312 847 4358 et
867 4304 1074 4361 solutus
1092 4321 1155 4362 ac
1175 4305 1310 4362 liber
1336 4305 1614 4363 facultates
1631 4307 1696 4362 ad
1716 4309 1808 4362 Do-

206 4389 414 4446 minum
437 4402 564 4450 ante
577 4399 883 4465 praemissas
896 4397 1010 4468 ipse
1023 4413 1234 4470 quoque
1253 4399 1555 4456 comitatur.
1575 4399 1651 4454 Ad
1666 4399 1808 4469 quod

207 4491 263 4535 ut
301 4484 475 4552 possit
518 4489 882 4559 unusquisque
911 4501 1152 4544 nostrum
1191 4505 1377 4559 parare
1406 4506 1495 4557 se,
1536 4491 1614 4546 sic
1653 4490 1812 4546 discit

207 4590 384 4649 orare,
405 4588 464 4635 et
483 4579 551 4636 de
577 4581 840 4638 orationis
856 4581 973 4652 lege
993 4583 1166 4652 qualis
1190 4598 1251 4638 ea
1267 4583 1458 4639 debeat
1479 4599 1804 4654 agnoscere;

1898 3374 2295 3444 constringens,
2332 3382 2388 3428 ut
2416 3373 2495 3429 sic
2517 3372 2672 3429 nobis
2687 3372 2865 3429 debita
2896 3374 3088 3430 dimitti
3119 3381 3477 3444 postulemus,

1899 3466 2132 3523 scientes
2160 3466 2440 3536 impetrari
2473 3480 2579 3522 non
2611 3480 2772 3536 posse
2801 3466 2941 3537 quod
2981 3481 3080 3537 pro
3129 3467 3359 3537 peccatis
3389 3481 3484 3537 pe-

1904 3558 2091 3622 timus,
2125 3557 2224 3612 nisi
2254 3567 2309 3612 ct
2337 3556 2439 3627 ipsi
2469 3557 2611 3614 circa
2644 3568 2955 3628 peccatores
2985 3569 3199 3616 nostros
3230 3558 3375 3630 paria
3407 3559 3486 3616 fe-

1901 3653 2152 3706 cerimus.
2185 3652 2390 3706 Idcirco
2429 3661 2487 3707 et
2531 3651 2639 3706 alio
2681 3651 2734 3707 in
2766 3650 2887 3707 loco
2916 3652 3041 3708 dicit
3068 3669 3082 3705 :
3108 3651 3174 3707 In
3203 3669 3306 3725 qua
3334 3668 3482 3708 men-

1901 3759 2024 3798 sura
2067 3745 2227 3800 mensi
2271 3743 2493 3814 fueritis,
2524 3744 2577 3798 in
2625 3759 2686 3798 ea
2728 3743 3019 3798 remetietur
3062 3745 3200 3800 vobis
3224 3761 3243 3798 :
3284 3746 3487 3815 etquis

1904 3850 2195 3890 conservus
2227 3843 2346 3906 post
2372 3834 2654 3891 dimissum
2701 3837 2805 3890 sibi
2853 3850 3014 3893 omne
3046 3836 3282 3892 debitum
3302 3881 3316 3905 ,
3346 3852 3485 3894 cou-

1911 3942 2070 3984 scrvo
2119 3942 2218 3982 suo
2269 3927 2443 3983 noluit
2487 3927 2778 3995 dimittere,
2811 3929 2864 3984 in
2912 3942 3180 3985 carcerem
3215 3931 3489 4003 religatur,

1907 4021 2028 4092 quia
2060 4019 2338 4092 indulgere
2366 4035 2628 4079 conservo
2658 4021 2832 4077 noluit
2859 4023 2999 4092 quod
3046 4023 3146 4077 sibi
3197 4038 3224 4076 a
3260 4022 3489 4080 Domino

1911 4118 2170 4174 indultum
2202 4119 2380 4174 fuerat
2425 4119 2627 4185 amisit,
2660 4133 2779 4190 quae
2806 4118 2985 4173 adhuc
3011 4117 3263 4173 Christus
3306 4117 3494 4174 fortius

1912 4215 2199 4281 praeceptis
2222 4211 2332 4265 suis
2359 4209 2562 4278 majore
2582 4223 2824 4265 censurae
2845 4222 2958 4264 suae
2987 4207 3170 4279 vigore
3201 4209 3492 4278 praedixit:

1912 4303 2040 4359 Cum
2067 4302 2329 4366 steteritis,
2361 4300 2554 4371 inquit,
2583 4301 2978 4367 ad.orationem,
3011 4302 3272 4365 remittite,
3307 4300 3352 4355 si
3371 4299 3496 4370 quid

1913 4395 2108 4449 habetis
2137 4376 2378 4449 aduersu;
2403 4394 2646 4463 aliquem,
2675 4403 2730 4448 ut
2763 4393 2922 4448 Pater
2963 4402 3124 4448 vester
3151 4393 3242 4464 qui
3271 4395 3323 4447 in
3353 4393 3495 4448 uelis

1914 4498 1986 4544 est
2012 4492 2234 4542 remittat
2259 4485 2397 4541 vobis
2425 4493 2633 4555 peccata
2653 4496 2835 4541 vestra.
2871 4485 2934 4542 Si
2957 4495 3127 4539 autent
3155 4501 3256 4541 non
3282 4487 3495 4540 remise-

1915 4580 2050 4647 ritis,
2079 4595 2244 4650 neque
2266 4587 2411 4649 pater
2437 4590 2596 4634 vester
2625 4577 2712 4647 qui
2741 4577 2796 4631 in
2834 4577 2974 4632 cretis
3011 4587 3084 4631 est
3113 4576 3330 4632 remittet
3358 4576 3498 4633 vobis

209 4685 385 4743 neque
405 4676 552 4730 enim
575 4675 762 4731 deesse
783 4676 1123 4745 quotidianus
1143 4676 1293 4732 cibus
1307 4685 1475 4747 potest
1492 4679 1656 4748 justo,
1685 4693 1808 4734 cum
1839 4661 1892 4724 ι)
1919 4685 2126 4742 peccata
2165 4682 2351 4726 vestra.
2413 4669 2704 4726 Excusatio
2753 4669 2848 4722 tibi
2902 4669 3041 4722 nulla
3075 4671 3125 4723 in
3176 4669 3262 4723 die
3306 4668 3498 4736 jndicii

209 4764 472 4834 scriptum
494 4767 566 4821 sit
589 4783 602 4822 :
621 4765 744 4821 Non
764 4769 954 4822 occidet
977 4769 1224 4823 Dominus
1245 4769 1382 4838 {ante
1395 4771 1621 4824 animam
1633 4772 1808 4838 istam;

213 4864 269 4910 et
296 4856 727 4914 iterumzlunior
753 4861 846 4931 fui,
865 4871 912 4915 ct
934 4863 1098 4928 senui,
1118 4869 1165 4914 et
1191 4878 1292 4915 non
1321 4861 1422 4914 vidi
1438 4863 1640 4933 justum
1664 4864 1812 4919 dere-

217 4949 418 5020 lictum,
439 4969 535 5010 nec
547 4968 715 5009 semen
727 4955 839 5025 ejus
862 4970 1095 5022 qurerens
1113 4970 1315 5023 partem.
1334 4955 1526 5011 lterum
1552 4956 1808 5012 Dominus

218 5047 542 5115 repromittit
559 5058 616 5102 et
639 5047 794 5104 dicit:
814 5047 988 5104 Nolite
1006 5050 1232 5120 cogitare
1253 5049 1498 5117 dicentes,
1522 5049 1661 5118 Quid
1684 5052 1806 5106 ede-

223 5151 352 5205 mus,
383 5149 474 5194 aut
502 5139 625 5210 quid
652 5141 898 5205 bibemus,
927 5151 1013 5194 aut
1039 5156 1141 5212 quo
1166 5141 1478 5195 vestientur?
1504 5141 1616 5194 lucc
1637 5151 1808 5196 autem

224 5229 454 5285 nationes
479 5241 712 5298 quierunt
738 5247 756 5285 :
785 5232 879 5287 scit
909 5233 1040 5286 enim
1059 5230 1215 5286 Pater
1241 5241 1404 5286 vester
1433 5233 1550 5303 quia
1580 5235 1809 5288 omnium

228 5317 411 5375 horum
435 5322 674 5393 indigetis
697 5339 718 5379 :
737 5325 951 5392 qua‘rite
972 5325 1190 5393 primum
1214 5340 1427 5396 regnum
1457 5323 1551 5380 Dei
1578 5333 1626 5380 et
1646 5327 1810 5398 justi-

226 5411 348 5465 tiam
373 5415 486 5485 ejus
509 5424 555 5469 et
581 5417 685 5471 luec
707 5417 879 5472 omnia
904 5417 1212 5488 adjicientur
1245 5418 1401 5473 vobis.
1433 5417 1809 5486 Qzucrentibus

228 5517 452 5574 regnum
483 5508 578 5564 Dei
609 5517 664 5565 et
687 5509 950 5581 justitiam
973 5511 1092 5580 ejus
1115 5511 1292 5566 omnia
1324 5513 1586 5580 promittit
1610 5513 1808 5584 apponi

230 5606 284 5652 et
308 5599 418 5668 jam
440 5616 563 5657 cum
588 5601 697 5658 sint
724 5603 817 5659 Dei
846 5603 1048 5667 omnia.
1091 5603 1304 5659 habenti
1335 5605 1499 5660 Deum
1523 5606 1656 5662 nihil
1680 5607 1811 5665 dce-

233 5689 320 5756 rit,
351 5694 395 5748 si
423 5693 532 5751 Deo
557 5694 674 5766 ipse
702 5710 807 5750 nou
829 5694 991 5753 desit.
1013 5696 1103 5752 Sic
1133 5696 1342 5756 Dauieli
1373 5696 1426 5752 in
1453 5697 1666 5754 leonum
1693 5699 1816 5757 lacu

233 5777 380 5848 iussu
409 5789 550 5858 regis
574 5786 780 5844 incluso
808 5787 1085 5856 prandium
1125 5787 1381 5845 divtmtus
1411 5798 1728 5859 procuratur
1759 5799 1818 5848 et

240 5871 375 5932 inter
385 5877 525 5937 feras
539 5880 843 5938 esurientes
857 5879 1017 5939 homo
1031 5881 1122 5939 Dei
1138 5883 1387 5954 pascitur.
1399 5885 1487 5940 Sic
1505 5885 1660 5940 aliter
1675 5885 1818 5947 Elius

1913 4776 2205 4836 superest,
2262 4779 2382 4819 cum
2438 4762 2733 4818 secundum
2799 4771 2941 4816 tuam
2991 4761 3308 4815 sententiam
3352 4760 3499 4830 judi-

1911 4864 2051 4919 ceris
2076 4904 2092 4929 ,
2125 4873 2176 4914 ct
2204 4859 2344 4929 quod
2378 4857 2568 4914 feceris
2593 4899 2608 4923 ,
2637 4859 2742 4911 hoc
2788 4863 2842 4910 et
2889 4856 3004 4924 ipse
3035 4855 3272 4923 patiaris.
3306 4853 3499 4910 Pacifi-

1912 4971 2004 5009 cos
2030 4953 2172 5008 enim
2199 4962 2251 5006 et
2281 4949 2576 5005 concordes
2607 4959 2766 5019 atque
2796 4947 3074 5002 unanimes
3101 4961 3222 5002 esse
3251 4945 3305 5001 in
3333 4947 3497 5004 domo

1913 5046 2166 5117 prs-cepit
2204 5043 2366 5109 Deus,
2389 5051 2440 5097 et
2472 5041 2654 5109 quales
2705 5056 2801 5094 nos
2850 5038 2977 5094 fecit
3025 5038 3260 5093 secunda
3307 5037 3499 5092 nativi-

1915 5151 2044 5204 tate,
2093 5139 2224 5193 tales
2272 5145 2425 5190 natos
2457 5135 2568 5187 vult
2624 5145 2989 5201 perseverare,
3040 5141 3099 5186 ut
3135 5133 3223 5202 qui
3270 5131 3363 5186 lilii
3399 5130 3494 5187 Dei

1915 5245 2036 5287 esse
2076 5230 2335 5298 coepimus
2381 5227 2434 5282 in
2484 5225 2576 5282 Dei
2629 5239 2757 5296 pace
2805 5238 3121 5280 maneamus
3163 5232 3268 5281 :et
3306 5225 3502 5295 quibus

1916 5322 2146 5392 Spiritus
2174 5327 2394 5376 sanctus
2426 5333 2564 5374 unus
2582 5327 2687 5385 est,
2709 5333 2850 5374 unus
2877 5319 2950 5372 sit
2977 5325 3033 5373 et
3059 5317 3268 5372 animus
3295 5324 3352 5372 et
3377 5331 3502 5373 sen-

1917 5433 2043 5486 sus;
2073 5432 2178 5473 non
2209 5416 2407 5472 etenim
2446 5413 2767 5471 sacriﬁcium
2828 5413 2965 5470 Deus
3003 5412 3192 5483 recipit
3221 5410 3498 5466 dissiden-

1920 5514 2011 5581 tis,
2040 5513 2134 5570 sed
2165 5511 2233 5567 ab
2256 5509 2414 5566 altari
2441 5509 2692 5566 recedere
2717 5517 2773 5565 et
2807 5508 2958 5578 prius
2986 5505 3133 5562 fratri
3160 5503 3501 5561 reconciliari

1917 5607 2137 5680 jubetur
2169 5603 2407 5676 pacificis
2453 5603 2702 5674 precibus
2746 5609 2803 5656 ut
2844 5600 2985 5656 Deus
3034 5598 3204 5670 possit
3235 5597 3338 5654 sibi
3377 5610 3502 5654 esse

1923 5709 2168 5773 pacatus.
2199 5696 2531 5755 Sacrificium
2579 5695 2692 5751 Deo
2740 5691 2912 5764 majus
2951 5700 3037 5749 est
3078 5707 3177 5761 pas
3224 5699 3405 5749 nostra
3447 5698 3506 5748 et
3548 5748 3567 5762 ο

1926 5796 2164 5853 fraterna
2195 5789 2482 5848 concordia
2505 5831 2522 5857 ,
2553 5797 2608 5848 et
2645 5788 2716 5843 de
2755 5786 2958 5842 unitate
2985 5784 3159 5840 Patris
3188 5795 3244 5840 et
3290 5783 3406 5840 Filii
3451 5792 3506 5841 et

1925 5889 2161 5956 Spiritus
2191 5885 2361 5944 sancti
2394 5882 2546 5955 plebs
2566 5879 2836 5950 adjuvata,
2859 5891 3018 5951 quam
3048 5877 3296 5936 victimae.
3319 5875 3507 5949 Νοιιιιο
