4018 6534
530 434 670 496 “23

1451 421 2012 486 SUPPLEMENTUM
2051 419 2147 477 AD
2184 415 2418 514 OPEDA
2455 418 2515 476 S.
2557 415 2947 478 AUGUSTINI.

3683 415 3814 471 {lib

528 557 672 615 enim
699 553 755 610 in
793 524 1066 610 sacriﬁciis
1112 561 1233 619 quae
1269 543 1401 602 Cain
1431 555 1488 602 et
1524 545 1659 600 Abel
1696 542 1852 612 primi
1890 537 2106 596 obtule—
2135 538 2190 599 Α
2221 535 2324 590 ista
2357 535 2538 609 omnia
2585 531 3045 590 consummatione
3076 527 3352 586 orationis
3389 527 3545 585 venit
3578 528 3691 586 tau
3724 530 3818 586 ila

528 656 676 714 runt,
706 659 924 700 munera
968 657 1151 698 eorum
1182 638 1340 707 Deus,
1373 637 1467 694 sed
1506 636 1666 692 corda
1693 634 2021 697 intuebatur,
2053 637 2113 686 ut

528 741 617 796 ille
649 739 882 808 placeret
921 735 973 791 in
1003 748 1227 789 munere
1256 733 1342 801 qui
1378 732 1626 801 placebat
1653 728 1706 783 in
1737 727 1922 783 corde.
1967 724 2106 780 Abel

531 832 786 902 paciﬁcus
824 840 880 887 et
921 827 1101 902 justus
1150 827 1239 882 uni
1297 825 1406 881 Deo
1445 825 1753 880 sacriﬁcans
1799 822 2114 876 innocenter

531 928 716 984 docuit
743 937 798 984 et
827 936 1074 992 caateros,
1109 923 1323 996 quando
1353 923 1419 978 ad
1437 923 1606 978 altare
1635 911 1832 976 munus
1861 917 2113 983 oderunt,

529 1019 606 1076 sic
633 1021 818 1076 venire
844 1033 966 1075 cum
999 1016 1094 1074 Dei
1127 1018 1343 1082 timore,
1368 1031 1488 1070 cum
1519 1013 1750 1084 simplici
1776 1011 1961 1077 corde,
1991 1024 2113 1065 cum

529 1113 650 1184 lege
675 1111 920 1183 iustitiae,
952 1126 1072 1166 cum
1106 1109 1408 1166 concordiae
1453 1117 1604 1178 pace.
1637 1105 1827 1163 Merito
1855 1104 1946 1160 ille
1988 1103 2115 1159 dum

531 1205 582 1260 in
614 1203 878 1259 sacriﬁcio
909 1201 1005 1258 Dei
1051 1202 1172 1256 talis
1197 1209 1299 1267 est,
1351 1199 1468 1270 ipse
1520 1196 1861 1268 postmodum
1907 1195 2116 1252 sacrit!-

532 1298 668 1354 cium
699 1297 812 1354 Deo
838 1292 1008 1351 lactus
1037 1303 1142 1361 est,
1167 1304 1226 1350 ut
1249 1302 1545 1366 martyrum
1580 1293 1782 1361 primus
1810 1289 2108 1346 ostendens

532 1390 764 1448 Initiaret
787 1389 1045 1457 sanguine
1075 1402 1173 1443 suo
1199 1385 1485 1456 gloriosam
1516 1381 1842 1438 dominicam
1899 1382 2120 1451 passio-

534 1493 652 1539 nem
678 1481 766 1551 qui
796 1491 848 1537 et
873 1479 1136 1552 justitiam
1163 1477 1375 1532 Domini
1407 1476 1670 1532 habuerat
1695 1485 1748 1530 et
1779 1487 1986 1543 pacem.
2016 1471 2119 1528 Ta-

533 1571 613 1630 les
643 1572 872 1642 denique
899 1587 928 1626 a
961 1570 1070 1625 Deo
1097 1579 1446 1637 coronantur,
1480 1569 1613 1622 tales
1653 1581 1774 1622 cum
1809 1565 2036 1621 Domino
2066 1566 2118 1622 in

537 1665 624 1721 die
648 1663 838 1736 iudicii
863 1662 1216 1735 indicabunt;
1249 1670 1502 1716 caeterum
1532 1657 1850 1714 discordans
1881 1666 1935 1712 et
1962 1656 2121 1712 dissi-

529 1757 688 1824 dens,
735 1766 790 1812 et
811 1770 996 1827 pacem
1019 1771 1141 1810 cum
1174 1753 1428 1810 fratribus
1449 1769 1552 1808 non
1584 1751 1804 1818 habens,
1827 1750 2118 1806 secundum

537 1850 678 1921 quod
709 1849 898 1905 beatus
927 1847 1204 1918 apostolus
1233 1853 1286 1902 et
1315 1845 1591 1915 Scriptura
1623 1857 1776 1898 sacra
1826 1849 2113 1910 testantur,

2218 629 2502 684 universas
2526 629 2811 697 petitiones
2839 637 3054 681 nostras
3073 635 3127 680 et
3156 637 3358 695 preces
3383 623 3619 678 collecta
3645 622 3824 680 brevi-

2219 728 2327 775 tate
2357 719 2705 785 concludens,
2738 718 2792 773 in
2818 716 3110 774 novissimo
3129 715 3340 772 etenim
3361 715 3695 782 posuimus:
3714 716 3822 771 Sd

2217 810 2378 866 libera
2407 826 2500 864 nos
2527 827 2560 864 α
2585 807 2742 874 malo,
2771 807 3307 878 comprehendentes
3338 805 3570 861 adversa
3604 813 3816 872 cncta,

2220 918 2337 972 quae
2363 911 2551 957 contra
2600 916 2698 956 nos
2743 901 2796 955 in
2835 898 3170 955 hocmundo
3207 899 3434 954 molitur
3469 897 3722 953 inimicus
3745 941 3761 965 ,
3791 914 3821 953 a

2226 994 2420 1064 quibus
2446 1001 2629 1064 potest
2670 1006 2791 1048 esse
2826 989 2932 1047 ﬁda
2975 998 3032 1046 et
3067 991 3224 1046 ﬁrma
3255 989 3425 1044 tutela
3471 990 3521 1044 si
3556 1004 3659 1044 nos
3688 990 3823 1044 De.

2221 1089 2432 1156 liberet,
2467 1088 2513 1143 si
2557 1085 2971 1158 deprecantibus
2997 1097 3160 1156 atque
3201 1083 3641 1154 implorantibus
3667 1097 3824 1152 epe-

2221 1184 2337 1254 eius
2359 1183 2472 1254 ipse
2497 1191 2732 1254 prastat.
2759 1181 2990 1249 Quando
3013 1189 3195 1236 autem
3218 1179 3461 1237 dicimus
3481 1195 3497 1234 :
3516 1178 3713 1257 Libas

2222 1290 2251 1330 a
2283 1275 2430 1330 malo
2449 1316 2466 1344 ,
2496 1274 2628 1330 nihil
2664 1282 2910 1331 remanet
2947 1273 3090 1344 quod
3122 1273 3261 1329 ultra
3295 1273 3486 1328 adhue
3512 1270 3714 1327 debeat
3733 1285 3826 1341 p-

2223 1370 2442 1435 stularl,
2492 1369 2707 1438 quando
2753 1368 2926 1424 solum
2970 1369 3369 1438 protectiouem
3416 1365 3524 1422 Dei
3573 1366 3826 1423 adver—

2223 1464 2421 1517 malum
2451 1475 2757 1532 precamur,
2790 1477 2891 1531 qua
2931 1464 3211 1532 impetrata
3249 1471 3451 1517 eonu-a
3496 1463 3688 1516 omnia
3713 1475 3824 1532 q-

2223 1555 2471 1610 diabolus
2491 1563 2549 1611 et
2570 1556 2802 1612 mundus
2831 1565 3126 1625 aperantur
3156 1558 3340 1612 securi
3369 1568 3598 1612 κιαι
3629 1565 3684 1611 et
3707 1558 3820 1610 tati.

2227 1647 2360 1714 Quis
2403 1648 2548 1703 enim
2593 1649 2643 1704 ei
2689 1648 2760 1703 de
2802 1648 3002 1704 sarculo
3047 1657 3226 1706 metus
3267 1657 3357 1705 est
3397 1649 3498 1705 cui
3553 1649 3612 1703 iu
3641 1650 3821 1705 secula

2223 1739 2362 1796 Deus
2390 1751 2536 1796 tutor
2559 1743 2680 1798 est?
2708 1742 2846 1810 Quid
2896 1742 3088 1798 mirum
3112 1781 3132 1809 ,
3178 1743 3382 1798 fratres
3429 1741 3751 1810 carissimi,
3781 1743 3820 1797 si

2224 1836 2400 1889 oratio
2429 1836 2550 1890 talis
2601 1844 2688 1891 est
2732 1850 2894 1906 quam
2935 1836 3078 1893 Deus
3106 1837 3330 1903 docuit,
3367 1837 3466 1904 qui
3522 1837 3823 1907 magisterio

533 1953 632 2000 nec
664 1943 708 1998 si
742 1957 836 2012 pro
866 1939 1175 1997 Christiano
1205 1939 1418 1993 nomine
1454 1936 1668 1992 occisus
1708 1935 1884 1998 fuerit,
1918 1933 2120 1990 crimen
2153 1931 2200 1991 B
2225 1940 2323 1980 SUO
2367 1940 2582 1982 omnem
2645 1929 2957 1997 petitionem
3007 1938 3247 1984 nostram
3297 1929 3536 1984 salutari
3587 1941 3822 1984 sermone

532 2035 885 2092 dissensionis
914 2033 1163 2090 fraternae
1186 2030 1647 2104 poteritevadere,
1675 2029 1799 2098 quia
1823 2027 1962 2082 sicut
1991 2027 2120 2082 seri-

537 2138 684 2197 ptum
715 2137 800 2183 est
833 2144 847 2182 :
876 2127 975 2192 Qui
1004 2127 1216 2196 fratrem
1249 2140 1395 2178 suum
1433 2124 1539 2178 odit
1561 2165 1577 2191 ,
1611 2121 1867 2176 homicida
1893 2129 1985 2188 est,
2016 2134 2121 2174 uec

501 2219 599 2274 .ad
631 2233 851 2289 regnum
901 2218 1160 2274 calorum
1209 2214 1490 2285 pervenit,
1543 2225 1633 2268 aut
1677 2227 1801 2268 cum
1838 2211 1949 2266 Deo
1993 2209 2121 2264 vivit

534 2310 835 2378 homicida;
870 2325 974 2365 non
1017 2310 1160 2365 enim
1209 2317 1383 2378 potest
1425 2320 1546 2363 esse
1593 2321 1714 2361 cum
1760 2306 1996 2368 Christo,
2029 2303 2119 2374 qui

532 2403 772 2462 imitator
796 2402 927 2458 Cain
949 2410 1003 2458 et
1031 2401 1182 2457 Judaa
1205 2401 1391 2456 maluit
1403 2414 1520 2456 esse
1542 2396 1930 2468 quamChristi.
1953 2394 2122 2463 Quale

535 2495 790 2552 delictum
819 2505 934 2562 est,
969 2495 1112 2565 quod
1161 2508 1259 2549 nec
1308 2494 1574 2562 baptismo
1619 2490 1897 2559 sanguinis
1949 2493 2123 2557 potest

535 2587 711 2644 abluit
754 2587 910 2659 quale
959 2587 1162 2642 crimen
1199 2585 1452 2656 estquod
1498 2583 1758 2654 martyrio
1797 2597 1902 2636 nou
1948 2572 2124 2650 potest

534 2681 775 2751 expiari!
811 2679 944 2735 Illud
971 2695 1184 2750 quoque
1208 2680 1516 2734 necessario
1547 2685 1731 2732 monet
1778 2675 2031 2730 Dominus
2066 2681 2125 2729 ut

534 2774 589 2829 in
619 2775 862 2828 oratione
887 2773 1126 2828 dicamus
1150 2789 1163 2825 :
1193 2769 1260 2823 Et
1283 2786 1346 2824 ne
1372 2770 1588 2841 patiaris
1607 2785 1700 2823 nos
1731 2769 1906 2822 induci
1937 2769 1989 2821 in
2011 2776 2121 2821 ten-

538 2868 824 2934 tationem;
869 2867 923 2922 in
954 2877 1106 2938 parte
1132 2864 1436 2922 ostenditur
1460 2865 1545 2920 vel
1570 2865 1909 2920 adversarius
1936 2874 2123 2920 eontra

541 2976 640 3017 nos
669 2976 776 3016 non
806 2971 986 3031 posse,
1034 2959 1137 3014 nisi
1170 2959 1307 3014 Deus
1337 2965 1460 3013 ante
1491 2955 1792 3028 permiserit
1814 2999 1830 3025 ,
1863 2966 1921 3011 ut
1948 2957 2124 3013 omnis

536 3055 697 3111 timor
744 3062 925 3110 noster
971 3037 1279 3108 necessario
1306 3059 1468 3122 atque
1512 3051 1687 3106 omnis
1716 3051 2026 3106 observatio
2056 3049 2124 3105 ad

539 3147 704 3204 Deum
731 3155 1081 3202 convertatur
1105 3146 1156 3200 in
1180 3143 1656 3214 deprecationibus
1679 3144 1880 3198 nostris
1907 3144 2124 3213 quando

534 3241 665 3296 nihil
698 3241 842 3307 malo
863 3240 1043 3306 liceat,
1075 3239 1177 3293 nisi
1205 3245 1444 3309 potestas
1467 3237 1754 3293 tribuatur.
1787 3237 1988 3292 Probat
2017 3239 2118 3292 hoc

2230 2018 2534 2074 breviavit?
2583 2021 2696 2076 Hoc
2745 2035 2840 2091 per
2883 2021 3072 2076 Isaiam
3103 2021 3428 2092 prophetam
3485 2021 3669 2077 fuerat
3710 2030 3822 2078 aue

2224 2117 2537 2186 pradictum
2569 2130 2690 2170 cum
2737 2117 2925 2185 plenus
2955 2115 3160 2186 Spiritu
3190 2127 3388 2171 sancto
3422 2115 3498 2172 de
3545 2117 3644 2170 Dei
3674 2117 3822 2185 maje-

2221 2218 2360 2264 state
2380 2218 2540 2279 atque
2562 2210 2760 2279 pietate
2800 2210 3107 2279 loqueretur
3133 2225 3147 2262 :
3180 2207 3413 2263 Verbum
3442 2225 3818 2274 ammiratus,

2224 2303 2400 2372 inquit
2419 2345 2447 2370 ι
2467 2311 2512 2357 et
2562 2301 2791 2356 breoions
2831 2303 2883 2356 in
2919 2302 3201 2374 justitiam,
3231 2301 3526 2355 breviatum
3556 2316 3823 2356 sermone!

2223 2395 2374 2465 faciet
2403 2393 2544 2449 Deus
2563 2398 2618 2448 in
2641 2405 2747 2449 toto
2767 2397 2885 2450 orbe
2905 2402 3178 2447 terrorum.
3197 2393 3336 2448 Nam
3359 2395 3494 2449 cuni
3528 2394 3625 2448 Dei
3648 2394 3820 2450 Semo

2230 2491 2488 2546 Dominus
2509 2490 2666 2547 Jesus
2681 2490 2928 2546 Christus
2942 2491 3149 2546 venerit
3174 2488 3464 2554 omnibus,
3493 2488 3820 2559 etcolligeus

2231 2584 2420 2641 doctos
2466 2586 2665 2655 pariter
2704 2593 2760 2640 et
2802 2584 3044 2640 indoctos
3073 2582 3223 2638 omni
3267 2583 3432 2638 sexui
3482 2593 3642 2653 atque
3679 2583 3819 2637 atati

2230 2689 2501 2749 praecepta
2531 2678 2722 2733 salutis
2749 2676 2996 2742 ediderit,
3023 2687 3430 2747 praeceptorum
3462 2691 3684 2732 suorum
3708 2676 3820 2732 fecit

2232 2771 2432 2841 grande
2461 2769 2860 2841 compendium,
2892 2779 2950 2824 ut
2976 2771 3027 2824 in
3059 2769 3342 2839 disciplina
3374 2769 3601 2824 caelesti
3627 2767 3818 2822 discen-

2226 2863 2354 2916 tium
2387 2863 2644 2916 memoria
2695 2875 2804 2915 non
2858 2861 3156 2924 laboraret,
3188 2859 3286 2916 sed
3317 2861 3474 2931 quod
3525 2868 3677 2916 esset
3706 2860 3816 2914 sim-

2226 2955 2345 3026 plici
2377 2957 2498 3012 lidei
2530 2961 2890 3013 necessarium
2919 2958 3180 3013 velociter
3205 2956 3454 3012 disceret
3486 2957 3679 3027 sicque
3703 2969 3813 3010 eoo-

2226 3051 2444 3105 doceret
2472 3050 2597 3120 quid
2621 3051 2688 3104 sit
2719 3051 2827 3105 vita
2851 3060 3076 3118 aeterna,
3107 3059 3524 3105 sacramentum
3548 3050 3693 3104 enim
3710 3047 3813 3102 vita

2226 3151 2417 3212 magna
2459 3152 2514 3198 et
2554 3143 2732 3198 divina
2784 3143 3050 3199 brevitate
3078 3145 3402 3213 complexus
3437 3151 3568 3208 est;
3604 3152 3658 3197 et
3691 3137 3809 3213 quod

2228 3236 2389 3292 vitam
2439 3246 2693 3293 aeternam
2733 3237 2896 3293 vellet
2945 3241 3172 3294 innuere
3207 3239 3457 3294 ostendit
3509 3236 3810 3294 dicens:Ut

534 3332 714 3389 divina
763 3332 1042 3401 Scriptura
1076 3345 1197 3401 quae
1245 3331 1416 3386 dicit:
1450 3328 1602 3384 Venit
1643 3329 2125 3386 Nabuchodonosor
2149 3311 2196 3378 Ω
2227 3339 2536 3400 cognoscant
2575 3339 2623 3384 te
2664 3332 2830 3385 solum
2859 3347 3032 3384 verum
3063 3331 3226 3385 Deum
3267 3340 3320 3386 et
3339 3347 3506 3402 quem
3557 3330 3811 3400 pros-isiin

536 3440 628 3483 rea:
656 3425 955 3496 Babylonia
1001 3424 1056 3478 in
1097 3421 1428 3478 Hierusalem
1463 3432 1510 3477 et
1549 3421 1876 3493 expugnabat
1910 3437 2021 3475 eam
2074 3432 2121 3476 et

535 3519 751 3574 tradidit
775 3534 890 3572 eam
931 3515 1182 3571 Dominus
1218 3518 1276 3570 in
1315 3516 1552 3570 muribus
1579 3515 1707 3568 suis.
1743 3515 1908 3569 Datur
1937 3521 2115 3569 autem

539 3619 782 3680 potestas
807 3611 1064 3664 adversus
1109 3622 1208 3662 nos
1235 3608 1380 3663 malo
1416 3609 1715 3663 secundum
1759 3615 1977 3676 peccata
2019 3623 2119 3661 no-

538 3711 650 3760 stra
679 3707 819 3759 sicut
866 3702 1124 3771 scriptum
1169 3709 1254 3755 est
1293 3718 1305 3752 :
1347 3700 1475 3767 Quis
1516 3699 1655 3753 dedit
1695 3700 1752 3752 in
1787 3699 2120 3766 direptionem

535 3797 698 3854 Iacob
722 3808 768 3851 et
798 3794 967 3850 Israel
995 3795 1073 3848 his
1093 3794 1180 3865 qui
1202 3793 1557 3864 prmduoerunt
1580 3792 1766 3845 illum?
1792 3807 1957 3844 nonne
1985 3789 2121 3846 Dens

536 3892 657 3962 quia
697 3895 1025 3962 peccaverunt
1067 3895 1112 3942 et
1154 3888 1388 3942 nolebant
1436 3888 1488 3941 in
1539 3887 1633 3940 viis
1674 3888 1785 3958 ejus
1822 3887 2116 3952 ambulare,

534 3987 714 4044 audire
741 3987 899 4056 legem
924 3987 1058 4055 ejus,
1089 3994 1138 4037 et
1159 3981 1518 4054 superinduxit
1550 3995 1698 4052 super
1729 3997 1814 4036 eos
1846 3981 1976 4036 iram
2005 3982 2120 4036 ani-

541 4079 910 4135 madversionis
936 4077 1089 4131 sure?
1129 4076 1196 4131 Et
1236 4077 1429 4131 iterum
1469 4073 1755 4131 Salomone
1787 4083 2038 4144 peccante
2065 4083 2121 4131 et

534 4189 571 4231 ι
599 4175 882 4245 praeceptis
913 4183 1071 4240 atque
1113 4184 1141 4225 a
1168 4170 1271 4226 viis
1307 4169 1520 4224 Domini
1558 4169 1843 4225 recedente
1890 4170 2120 4240 positum

534 4275 656 4330 om;
683 4273 732 4319 et
761 4263 995 4318 excitavit
1029 4262 1276 4314 Dominus
1309 4259 1473 4316 S-atan
1499 4261 1601 4330 ipsi
1633 4259 1921 4316 Salomoni.
1967 4260 2120 4316 Pote-

537 4367 650 4415 stas
676 4372 805 4412 vero
832 4356 1092 4411 adversus
1124 4367 1222 4409 nos
1263 4354 1548 4424 dupliciter
1573 4356 1749 4424 datur,
1777 4355 1865 4411 vel
1905 4353 1972 4410 id
2004 4369 2120 4426 pte-

545 4465 669 4504 nam
698 4464 818 4503 cum
857 4447 1220 4516 delinquimus
1241 4487 1254 4511 ,
1288 4446 1370 4501 vel
1413 4446 1479 4501 ad
1507 4447 1731 4517 gloriam
1773 4462 1896 4504 cum
1919 4449 2121 4516 proba-

540 4553 694 4604 mur;
743 4537 898 4593 sicuti
943 4539 1010 4593 de
1055 4538 1156 4594 Job
1206 4538 1402 4593 factum
1431 4539 1697 4604 videmus,
1745 4541 2120 4597 manifestante

2225 3421 2508 3476 Christum.
2541 3425 2674 3477 Item
2705 3437 2826 3480 cum
2873 3423 2939 3478 de
2982 3425 3098 3494 lege
3139 3433 3191 3478 et
3240 3423 3534 3494 prophetis
3571 3431 3811 3493 precepts

2223 3516 2392 3585 prima
2422 3524 2476 3570 ct
2504 3519 2704 3587 majora
2735 3517 3084 3586 decerperet:
3122 3517 3292 3583 Audi,
3351 3519 3534 3587 inquit
3557 3561 3575 3585 ,
3628 3515 3808 3582 Israel,

2225 3610 2480 3665 Dominus
2509 3610 2653 3665 Deus
2695 3622 2810 3665 tuus
2851 3609 2990 3664 Dens
3021 3627 3156 3664 unus
3185 3618 3261 3665 est
3283 3626 3305 3665 :
3333 3611 3528 3681 diliges
3559 3611 3809 3664 Dominu-

2224 3705 2391 3762 Deum
2419 3715 2563 3761 tuum
2593 3708 2659 3762 de
2688 3719 2793 3761 toto
2819 3708 2972 3762 corde
2995 3719 3106 3774 tuo,
3130 3717 3176 3763 et
3197 3710 3264 3762 de
3295 3718 3409 3764 tata
3436 3711 3621 3764 animo
3646 3719 3742 3774 tuo,
3769 3718 3810 3763 et

2230 3799 2293 3852 de
2339 3809 2444 3853 tota
2490 3801 2676 3854 uirtute
2707 3810 2796 3854 tua
2820 3818 2837 3854 :
2860 3801 2955 3853 hoc
2985 3802 3228 3871 primum,
3261 3811 3311 3856 et
3348 3803 3642 3855 secundum
3668 3802 3809 3857 ciuile

2223 3902 2296 3946 est
2321 3891 2442 3946 huic
2467 3909 2485 3947 :
2513 3891 2713 3964 Diliges
2739 3899 3028 3961 proximum
3063 3903 3205 3946 tuum
3235 3895 3369 3949 sicut
3400 3905 3452 3949 te
3473 3912 3494 3950 :
3517 3897 3570 3948 in
3597 3896 3671 3950 his
3693 3896 3809 3949 du-

2223 3984 2313 4037 bus
2335 3985 2600 4054 praceptis
2624 3993 2729 4038 tota
2759 3985 2843 4040 lea:
2868 3986 3050 4057 pendet
3080 3996 3128 4041 et
3154 3987 3446 4057 prophetae.
3481 3987 3554 4042 Et
3598 3986 3808 4054 iterum,

2227 4075 2566 4146 Quwcumque
2592 4077 2851 4131 volueritis
2896 4087 2950 4131 ut
2995 4079 3186 4148 faciant
3215 4078 3354 4132 vobis
3398 4078 3635 4134 homines
3663 4081 3808 4144 bona,

2229 4171 2303 4223 ita
2335 4179 2382 4224 et
2408 4186 2495 4224 vos
2539 4172 2691 4240 facile
2731 4172 2834 4225 illis
2858 4186 2876 4225 :
2900 4173 3006 4227 hmo
3031 4172 3164 4226 enim
3198 4170 3284 4228 lea:
3311 4181 3358 4226 et
3385 4173 3677 4245 prophetae.
3720 4173 3808 4230 Nec

2225 4265 2406 4321 verbis
2439 4272 2643 4320 tantum
2669 4266 2762 4320 sed
2793 4265 2946 4320 factis
2979 4265 3236 4320 Dominus
3263 4279 3422 4320 orare
3473 4281 3576 4320 nos
3607 4265 3808 4333 docuit,

2219 4357 2340 4426 ipse
2368 4370 2530 4410 orans
2570 4356 2878 4426 frequenter
2907 4367 2960 4412 et
3003 4357 3306 4426 deprecans
3336 4365 3391 4411 et
3435 4357 3565 4426 quid
3605 4373 3699 4413 nos
3743 4357 3809 4411 la-

2221 4460 2346 4504 cere
2397 4455 2671 4517 oporteret
2718 4448 2948 4518 exempli
3006 4448 3088 4504 sui
3154 4448 3556 4504 contestatione
3601 4450 3808 4505 demon-

2223 4549 2428 4610 strans,
2458 4542 2596 4598 sicut
2645 4540 2896 4610 scriptum
2928 4550 3011 4596 est
3041 4560 3053 4596 :
3078 4538 3203 4612 Ipse
3243 4552 3418 4596 autem
3453 4543 3558 4614 fuit
3590 4547 3810 4597 recedens

532 4631 762 4689 Domino
791 4645 854 4684 ac
884 4630 1092 4684 dicente
1119 4647 1132 4682 :
1159 4628 1290 4683 Ecce
1320 4632 1490 4684 omnia
1519 4644 1851 4703 quaecumque
1885 4631 2038 4688 habet
2067 4636 2120 4689 in
2143 4695 2183 4703 Α
2222 4633 2278 4686 in
2306 4633 2607 4687 solitudines
2633 4643 2678 4686 et
2705 4634 2959 4697 adorans;
2989 4641 3043 4688 et
3065 4634 3255 4687 iterum
3284 4650 3297 4684 :
3325 4634 3500 4689 Emisit
3520 4637 3577 4689 in
3607 4647 3808 4690 montes!

532 4739 717 4781 manus
757 4733 872 4778 tuas
902 4723 990 4788 do,
1025 4721 1114 4776 sed
1156 4724 1322 4793 ipsum
1353 4722 1466 4777 vide
1495 4739 1558 4777 ne
1596 4695 1796 4794 tangat.
1835 4725 1902 4780 Et
1939 4727 2111 4782 Domi-
2143 4695 2202 4763 θ
2225 4741 2396 4792 orare,
2429 4736 2484 4780 et
2515 4727 2611 4780 luit
2642 4695 2949 4795 pertractans
2975 4725 3026 4777 in
3053 4726 3284 4779 oratione
3315 4724 3434 4781 Dei.
3465 4726 3624 4794 Quod
3655 4730 3697 4781 si
3727 4727 3807 4781 ille

539 4835 641 4877 nus
688 4821 739 4875 in
788 4819 1073 4888 Evangelio
1115 4818 1344 4887 loquitur
1375 4827 1617 4888 tempore
1649 4819 1950 4886 passionis:
1981 4819 2122 4875 Nul-

533 4916 637 4970 lam
664 4915 870 4970 haberes
897 4922 1195 4984 potestatem
1233 4914 1478 4967 adversus
1508 4930 1614 4982 me,
1642 4916 1740 4968 nisi
1775 4912 1952 4970 datum
1990 4927 2121 4972 esset

536 5011 624 5065 tibi
654 5011 891 5078 desuper.
924 5005 1152 5073 Quando
1181 5014 1356 5059 autem
1387 5021 1634 5075 rogamus
1679 5024 1746 5062 ne
1784 5011 1834 5062 in
1869 5008 2120 5064 tentatio—

534 5121 656 5160 nem
689 5101 1006 5168 incidamus,
1047 5099 1400 5154 admonemur
1430 5098 1754 5155 inﬁrmitatis
1783 5109 1838 5156 et
1881 5102 2120 5158 imbecil-

537 5195 704 5251 litatis
729 5201 946 5258 nostrae,
978 5191 1104 5245 dum
1149 5191 1226 5244 sic
1266 5203 1514 5258 rogamus
1547 5205 1615 5247 ne
1659 5195 1778 5262 quis
1817 5196 2116 5253 insolenter

535 5283 758 5344 estollat
781 5297 859 5347 se,
891 5295 959 5336 ne
988 5282 1104 5351 quis
1131 5283 1363 5351 superbe
1385 5292 1542 5352 atque
1571 5295 1890 5356 arroganter
1919 5288 2116 5359 aliquid

533 5387 791 5444 assumat,
823 5391 890 5432 ne
917 5375 1036 5445 quis
1062 5383 1157 5428 aut
1183 5373 1537 5430 confessionis
1564 5384 1655 5430 aut
1698 5379 1961 5443 passionis
2001 5381 2120 5451 glo-

533 5477 667 5532 riam
697 5485 846 5527 snam
895 5468 1073 5534 dicat,
1117 5481 1237 5520 cum
1287 5465 1548 5523 Dominus
1597 5467 1714 5537 ipse
1759 5469 2113 5528 humilitatem

532 5573 734 5628 docens
762 5565 953 5620 dixerit
983 5579 998 5617 :
1029 5560 1253 5632 Vigilate
1289 5573 1336 5615 et
1365 5571 1527 5628 orate,
1576 5578 1641 5616 ne
1667 5565 1878 5619 veniatis
1903 5567 1960 5620 iu
1999 5577 2112 5622 ten-

533 5663 772 5718 tationem
791 5676 809 5726 ;
831 5657 1040 5727 spiritus
1053 5653 1255 5734 quidem
1282 5663 1546 5725 promptus
1575 5664 1668 5722 est,
1693 5671 1812 5711 caro
1840 5665 2012 5714 autem
2037 5661 2120 5714 in-

537 5755 706 5826 firma.
731 5752 801 5808 Ut
829 5750 953 5805 dum
977 5746 1229 5817 praecedit
1247 5745 1462 5802 humilis
1483 5755 1537 5802 et
1559 5748 1825 5806 submissa
1849 5751 2120 5810 confessio

534 5854 592 5903 et
619 5846 776 5900 datur
802 5851 968 5897 totum
1001 5839 1108 5895 Deo
1133 5838 1388 5910 quidquid
1423 5839 1737 5910 suppliciter
1753 5857 1877 5898 cum
1917 5829 2114 5902 timore

536 5945 593 5995 et
618 5935 822 5991 honore
852 5934 944 5990 Dei
978 5933 1193 6003 petitur,
1225 5933 1391 6004 ipsius
1419 5935 1619 6005 pietate
1649 5946 1952 6005 praestetur.
1985 5939 2114 5996 Post

2224 4817 2412 4872 orabat
2434 4818 2523 4886 qui
2548 4819 2665 4870 sine
2692 4825 2911 4886 peccato
2933 4824 3069 4880 erat,
3087 4824 3287 4886 quanto
3319 4818 3490 4886 magis
3518 4829 3807 4886 peccatum

2225 4919 2438 4980 oportet
2460 4910 2639 4965 orare?
2666 4912 2726 4962 lit
2753 4911 2796 4962 si
2827 4908 2918 4962 ille
2941 4923 3033 4978 per
3055 4915 3217 4962 totam
3241 4919 3458 4963 noctem
3484 4910 3804 4979 jugitervigi-

2225 5012 2343 5067 laus
2372 5011 2638 5066 continuis
2660 5009 2904 5080 precibus
2919 5009 3126 5074 orabat,
3151 5018 3354 5080 quanto
3379 5011 3556 5080 magis
3571 5007 3804 5081 frequen-

2225 5105 2384 5158 tanda
2414 5103 2658 5158 oratione
2678 5103 2933 5157 debemus
2955 5111 3111 5157 nocte
3143 5102 3396 5171 vigilare!
3419 5103 3623 5158 Orabat
3641 5114 3803 5160 autem

2223 5195 2482 5251 Dominus
2509 5203 2566 5251 et
2586 5195 2804 5266 rogabat
2832 5209 2935 5249 non
2966 5211 3065 5262 pro
3094 5210 3185 5261 se;
3218 5195 3346 5264 quid
3372 5197 3519 5251 enim
3544 5213 3642 5265 pro
3668 5212 3723 5250 se
3746 5198 3805 5251 il-

2220 5305 2423 5346 nocens
2457 5290 2800 5358 precaretur?
2841 5289 2944 5345 Sed
2971 5306 3065 5359 pro
3095 5290 3303 5344 delictis
3333 5295 3557 5358 nostris,
3591 5294 3730 5348 sicut
3757 5301 3800 5348 et

2223 5383 2338 5452 ipse
2359 5383 2592 5439 declarat
2621 5396 2742 5437 cum
2771 5382 2900 5437 dicit
2927 5382 2993 5437 ad
3026 5382 3240 5436 Petrum
3269 5397 3285 5436 :
3319 5381 3456 5436 Ecce
3482 5383 3707 5437 Satanas
3731 5401 3806 5438 er-

2221 5476 2393 5545 petivit
2427 5491 2515 5528 vos
2534 5483 2589 5528 ut
2619 5474 2860 5528 cribraret
2877 5474 3008 5527 sicut
3039 5474 3296 5536 triticum;
3325 5489 3418 5545 ego
3448 5485 3622 5529 autem
3644 5475 3807 5545 rogari

2224 5583 2320 5638 pro
2351 5579 2399 5623 te
2422 5583 2482 5620 ne
2505 5566 2706 5634 deﬁciat
2729 5565 2855 5634 ﬁdes
2871 5574 2977 5619 tua.
2998 5564 3060 5619 Et
3081 5565 3452 5631 proomnihns
3476 5568 3804 5636 postmodum

2227 5662 2544 5733 deprecatur
2563 5660 2746 5715 dicens
2773 5677 2788 5713 ε
2815 5659 2938 5714 Νοη
2964 5675 3050 5722 pro
3070 5658 3150 5712 his
3176 5671 3349 5713 autem
3366 5676 3492 5732 rogo
3515 5662 3647 5717 solui
3664 5680 3705 5727 ι,
3730 5662 3806 5715 sed

2210 5774 2322 5832 .pro
2343 5757 2446 5811 illis
2472 5757 2560 5827 qui
2577 5755 2824 5809 credituri
2843 5766 2963 5808 sunt
2983 5770 3072 5825 per
3089 5754 3294 5809 verbum
3315 5756 3529 5812 illon
3553 5761 3606 5812 in
3628 5777 3703 5814 me
3716 5775 3738 5825 ;
3759 5767 3802 5809 at

2231 5865 2405 5904 omnes
2430 5858 2584 5901 unum
2615 5847 2716 5901 sint
2745 5847 2874 5900 sicut
2898 5853 2951 5898 tu
2979 5843 3135 5899 Pater
3166 5846 3216 5899 in
3247 5862 3328 5900 nte
3365 5855 3411 5901 et
3439 5865 3536 5919 ego
3561 5849 3618 5902 in
3647 5861 3726 5913 te;
3751 5860 3794 5902 ut

2231 5954 2275 5999 et
2304 5943 2403 6014 ipsi
2437 5943 2491 5996 in
2523 5939 2665 5994 nobis
2693 5939 2812 5993 sint.
2845 5936 3029 6007 Magna
3061 5948 3207 5994 certe
3234 5949 3359 5994 ame
3391 5939 3560 5996 Deum
3596 5955 3796 6010 propter
