4018 6468
143 408 306 467 1121

1122 411 1182 473 S.
1222 409 1596 474 AUGUSTI!“
1631 404 1839 466 LIBER
1875 409 1962 466 DE
2001 409 2366 471 DRATIONE.

3178 476 3188 490 ,
3244 414 3380 472 tiae

142 525 360 582 salutem
390 531 626 580 nostram
653 524 850 583 Cbristl
883 527 1180 601 benignitas
1206 531 1412 600 pariter
1435 541 1491 585 et
1519 529 1710 600 pietas,
1741 523 1797 585 Δ
1818 533 1956 580 ranti
1990 525 2141 580 testis
2168 525 2267 580 fuit
2295 524 2480 582 dicens
2507 542 2522 580 δ
2554 525 2725 596 Opera
2752 523 2852 580 Dei
2887 524 3110 581 revelare
3143 538 3189 582 et
3229 530 3392 598 eonﬁ-s

142 626 196 672 ut
222 631 324 672 non
351 623 634 674 cmitentus
663 619 804 688 quod
839 635 934 675 nos
962 623 1219 692 sanguine
1264 637 1363 678 suo
1393 621 1701 687 redimeret,

141 709 308 766 adhuc
331 724 428 779 pro
458 711 611 765 nobis
638 713 866 781 amplius
894 723 949 770 et
979 725 1212 785 rogaret.
1247 715 1501 784 Rogantis
1528 723 1706 770 autem

142 798 454 855 desiderium
481 800 602 858 vide
627 803 769 872 quod
798 803 978 868 fuerit,
1013 815 1068 860 ut
1092 805 1365 876 quomodo
1395 820 1558 860 unum
1583 813 1710 860 sunt

143 893 292 949 Peter
317 904 370 948 et
402 893 588 957 Filius,
624 899 678 949 in
709 911 811 951 una
841 900 1046 953 unitate
1072 899 1150 952 sie
1177 906 1233 952 et
1254 912 1350 952 nos
1377 911 1706 962 maneamus;

146 997 198 1042 ut
236 988 356 1042 hinc
391 1001 603 1058 quoque
651 989 816 1058 possit
866 990 1088 1060 intelligi
1131 998 1388 1061 quantum
1435 989 1712 1057 delinquat

145 1081 228 1150 qui
255 1081 510 1135 unitatem
562 1081 756 1136 scindit
803 1090 856 1138 et
894 1098 1099 1151 pacem,
1130 1099 1252 1140 cum
1280 1098 1378 1154 pro
1409 1083 1511 1139 lioc
1549 1096 1709 1152 roga-

143 1171 268 1227 verit
301 1171 573 1240 Dominus,
600 1173 788 1228 nolens
815 1174 1016 1231 scilicet
1049 1175 1256 1246 plebem
1286 1189 1438 1230 suam
1469 1175 1536 1230 de
1560 1173 1709 1229 schi-

143 1263 365 1318 smaticis
387 1265 587 1331 vivere,
611 1277 731 1319 cum
755 1267 918 1321 sciret
938 1267 1004 1321 ad
1030 1281 1254 1338 regnum
1277 1268 1368 1322 Dei
1387 1266 1710 1322 discordiam

145 1369 242 1410 non
265 1356 472 1411 venire.
523 1356 744 1424 Quando
786 1367 964 1413 autem
1005 1367 1208 1414 stamus
1257 1359 1322 1412 ad
1366 1358 1662 1413 orationem
1691 1397 1706 1420 ,

145 1445 324 1502 fratres
352 1447 721 1516 dilectissimi,
755 1450 977 1519 vigilare
1005 1459 1057 1505 et
1099 1450 1408 1506 incumbere
1434 1448 1500 1503 ad
1525 1459 1713 1514 preces

145 1540 420 1606 debemus;
442 1542 698 1612 cogitatio
715 1543 890 1598 omnis
911 1545 1140 1600 carnalis
1157 1553 1212 1601 et
1231 1544 1503 1600 saecularis
1523 1542 1712 1598 absce-

145 1629 247 1695 dat,
281 1647 380 1687 nec
403 1629 690 1704 quidquam
739 1637 950 1692 animus
989 1651 1147 1707 quam
1194 1637 1246 1692 id
1299 1637 1471 1693 solum
1514 1635 1713 1706 cogitet

148 1724 282 1793 quod
331 1736 600 1795 precatur.
655 1729 780 1784 ideo
833 1740 886 1786 et
937 1733 1190 1788 sacerdos
1237 1741 1362 1788 ante
1414 1735 1710 1789 orationem

145 1816 442 1886 praefatione
469 1821 746 1887 praemissa
771 1831 924 1891 parat
955 1822 1176 1879 fratrum
1206 1835 1414 1880 mentes
1445 1826 1708 1882 dicendo:

1810 621 1904 672 teri
1931 618 2278 688 honoriﬁcum
2296 627 2390 684 est,
2419 635 2538 673 nam
2563 634 2679 672 eum
2697 617 2878 673 arabas
2898 625 2944 672 et
2973 634 3089 674 sero
3118 636 3209 690 ego
3230 621 3394 676 obtuli

1811 710 2110 764 memoriam
2129 711 2377 764 orationis
2396 718 2594 774 uestra,
2617 710 2672 764 in
2693 720 2964 779 conspectu
2991 710 3243 766 claritatis
3272 710 3392 778 Dei,

1810 811 1857 856 et
1885 817 2000 855 cum
2041 804 2283 874 sepelires
2325 813 2382 858 tu
2421 815 2650 858 mortuos
2679 803 2935 870 similiter,
2968 813 3016 858 et
3041 806 3166 874 quia
3207 822 3310 860 non
3342 821 3396 862 es

1811 897 2091 948 concitatus
2119 911 2387 966 exsurgere
2413 906 2462 950 et
2492 897 2838 967 derelinquere
2865 899 3142 969 prandium
3171 906 3314 953 tuum
3345 911 3394 955 et

1811 986 1961 1039 abisti
1987 996 2035 1040 et
2055 988 2330 1042 condidisti
2353 999 2631 1057 mortuum,
2666 991 2850 1044 missus
2879 1005 2994 1044 sum
3015 1000 3207 1048 tentare
3235 1002 3312 1061 te,
3344 1004 3390 1049 el

1810 1076 1995 1129 iterum
2018 1077 2158 1131 misit
2185 1093 2264 1133 me
2296 1077 2436 1133 Deus
2461 1095 2644 1135 curare
2666 1088 2715 1134 te
2738 1091 2786 1135 et
2812 1080 3000 1136 Suram
3025 1099 3212 1138 nurum
3229 1094 3390 1141 tuam.

1813 1166 1926 1237 Ego
1955 1183 2066 1221 sum
2097 1169 2327 1238 Raphael
2355 1186 2486 1225 unus
2511 1187 2576 1226 ea:
2599 1180 2785 1243 septem
2805 1175 3001 1245 angelis
3020 1175 3178 1247 justis
3201 1177 3288 1246 qui
3313 1193 3395 1232 as-

1812 1261 2038 1314 sistimus
2065 1273 2184 1315 ante
2203 1260 2366 1315 Deum
2387 1269 2433 1316 et
2455 1276 2814 1318 convertamur
2833 1272 2952 1319 ante
2966 1264 3248 1321 claritatem
3275 1264 3392 1322 Dei.

1815 1351 1918 1407 Per
1936 1350 2133 1406 Isaiam
2153 1368 2364 1423 quoque
2389 1354 2642 1410 Dominus
2663 1356 2913 1411 admonet
2942 1365 2997 1412 et
3019 1356 3177 1412 docet
3203 1357 3396 1412 similia

1816 1453 2124 1501 contestans
2152 1462 2164 1498 :
2203 1446 2376 1515 Solve,
2407 1447 2611 1518 inquit,
2647 1463 2847 1502 omnem
2875 1448 3067 1502 nodum
3107 1450 3395 1520 injustitite,

1817 1536 2013 1590 resolve
2057 1536 2417 1604 su/Tocationes
2446 1539 2838 1606 importantium
2865 1539 3264 1603 coneicinorum,
3316 1540 3399 1594 di—

1815 1629 1958 1682 mitte
1985 1640 2256 1698 quassatos
2280 1631 2338 1683 in
2364 1631 2612 1700 requiem,
2645 1641 2691 1684 et
2717 1646 2868 1684 omne
2896 1632 3146 1702 injusturn
3184 1631 3400 1701 dissipa,

1819 1719 2000 1790 frange
2019 1721 2262 1775 esurienti
2283 1737 2465 1790 panem
2489 1732 2653 1789 tuum,
2677 1737 2859 1792 egenos
2879 1726 2990 1777 sine
3010 1731 3143 1778 tecto
3161 1725 3317 1778 induc
3343 1726 3400 1778 in

1817 1811 2025 1865 domum
2053 1821 2224 1877 tuam;
2245 1813 2289 1866 si
2308 1811 2493 1868 videris
2517 1813 2730 1877 nudum,
2755 1813 2903 1878 vesti,
2929 1823 2977 1869 et
2999 1814 3297 1869 domesticos
3321 1829 3403 1868 ae-

149 1907 358 1963 Sursum
381 1911 558 1976 corda,
603 1922 661 1967 ut
683 1913 807 1968 dum
837 1917 1125 1984 respondet
1152 1918 1323 1986 plebs,
1366 1916 1629 1972 Habemus
1647 1920 1716 1972 ad

1830 1906 1976 1958 minis
2017 1905 2094 1958 tui
2129 1920 2232 1958 non
2275 1905 2542 1976 despicies.
2575 1904 2716 1959 Tunc
2754 1915 2982 1976 erumpet
3022 1915 3400 1978 temparaneum

145 1997 409 2054 Dominum
437 2043 452 2067 ,
482 2002 836 2060 admoneatur
884 2007 1014 2061 nihil
1064 2022 1126 2063 se
1168 2009 1312 2063 aliud
1340 2025 1498 2080 quam
1548 2011 1718 2066 Deum

145 2089 372 2158 cogitare
396 2091 619 2147 debere.
655 2094 946 2152 Clandatur
985 2109 1170 2154 contra
1215 2101 1586 2158 adversarium
1621 2117 1716 2170 pc-

149 2187 262 2235 ctua
290 2188 344 2235 et
367 2183 465 2237 soli
507 2183 616 2238 Deo
648 2186 874 2254 placeat,
906 2203 1006 2243 nec
1031 2190 1094 2244 ad
1128 2204 1187 2246 se
1218 2191 1426 2246 hostem
1455 2192 1548 2247 Dei
1580 2199 1716 2248 tem-

144 2281 268 2337 pore
313 2271 576 2327 orationi
617 2275 768 2330 adire
812 2279 1102 2345 patiantur.
1144 2280 1370 2348 Ohrepit
1412 2281 1557 2335 enim
1604 2282 1717 2338 fre-

145 2371 364 2429 quenter
384 2372 438 2419 et
481 2373 732 2434 penetrat
772 2376 827 2421 et
873 2369 1140 2424 subtiliter
1169 2372 1358 2426 fallens
1391 2387 1580 2442 preces
1612 2389 1712 2428 no-

147 2460 275 2506 stras
317 2469 346 2507 a
395 2456 512 2511 Deo
553 2466 762 2524 avocat,
798 2469 856 2514 ut
899 2463 1042 2516 aliud
1086 2463 1378 2520 habeamus
1424 2467 1474 2520 in
1517 2468 1716 2534 corde,

151 2545 284 2600 aliud
316 2549 367 2601 in
400 2563 560 2615 voce,
599 2554 812 2619 quando
863 2554 1158 2614 intentione
1196 2558 1400 2614 sincera
1436 2559 1717 2616 Dominum

151 2636 330 2692 debeat
360 2655 466 2694 non
497 2642 642 2696 Vocis
668 2657 853 2711 sonus,
885 2650 977 2700 sed
1005 2651 1216 2703 animus
1238 2661 1293 2706 et
1323 2667 1512 2707 sensus
1539 2668 1717 2709 orare.

150 2725 269 2790 Qua:
297 2738 475 2784 autem
506 2733 730 2798 segnitia
763 2741 847 2787 est
875 2735 1098 2790 alienari
1128 2747 1184 2792 et
1211 2739 1328 2808 capi
1356 2740 1549 2809 ini-ptis
1577 2744 1724 2813 cogi-

149 2819 428 2876 tationibus
456 2832 514 2876 et
557 2824 790 2892 profanis
815 2867 830 2889 ,
873 2842 994 2882 cum
1046 2829 1324 2886 Dominum
1374 2833 1720 2903 depreceris,

150 2913 290 2978 quasi
323 2913 466 2968 aliud
501 2913 572 2969 sit
599 2917 739 2986 quod
773 2919 952 2988 magis
971 2920 1168 2976 delaeas
1195 2922 1450 2991 cogitare,
1483 2941 1644 2994 quam
1668 2926 1726 2982 id

149 3003 282 3072 quod
303 3020 424 3060 cum
451 3009 559 3062 Deo
581 3008 844 3078 loqueris!
873 3013 1151 3076 Quomodo
1173 3015 1341 3069 audiri
1365 3032 1392 3068 a
1419 3018 1528 3072 Deo
1555 3027 1606 3072 te
1624 3033 1721 3088 po-

1820 1997 1992 2052 lumen
2024 2007 2192 2064 tuum,
2215 2007 2264 2051 et
2291 1999 2590 2052 uestimenta
2613 2007 2700 2051 tua
2727 1999 2830 2052 cito
2857 2000 3093 2052 orientur
3119 2006 3170 2052 et
3198 2000 3398 2069 prwibit

1820 2102 1938 2144 ante
1962 2101 2013 2145 te
2028 2091 2233 2161 justitia
2252 2099 2298 2144 et
2323 2089 2534 2144 claritas
2564 2090 2658 2144 Dei
2684 2090 3037 2144 circumdabit.
3063 2089 3209 2144 Tunc
3234 2092 3406 2146 excla-

1822 2183 2007 2248 mabis,
2029 2193 2076 2237 et
2105 2181 2354 2237 Dominus
2402 2183 2645 2236 exaudiet
2675 2191 2757 2246 te;
2788 2182 2914 2234 dum
2940 2181 3114 2236 adhuc
3158 2183 3402 2253 loqueris,

1823 2275 1999 2329 dicet:
2028 2272 2161 2328 Ecce
2189 2275 2395 2328 adsunt.
2413 2274 2620 2328 Adesse
2648 2287 2709 2327 se
2735 2273 3018 2342 promittit,
3050 2278 3109 2327 et
3134 2273 3320 2329 audire
3342 2286 3407 2329 ac

1823 2375 2110 2436 protegere
2136 2366 2227 2434 qui
2255 2365 2532 2435 injustitite
2557 2363 2728 2419 nodos
2749 2365 2817 2420 de
2841 2364 3322 2442 cordesolventes,
3352 2372 3410 2421 et

1823 2458 2195 2529 eleeinosynas
2246 2458 2389 2513 circa
2438 2457 2766 2512 domesticos
2817 2456 2908 2511 Dei
2953 2441 3243 2513 secundum
3292 2457 3410 2528 ejus

1824 2561 2090 2623 praecepta
2121 2553 2398 2619 facientes,
2425 2552 2554 2607 dum
2573 2552 2790 2607 audiant
2811 2553 2950 2624 quod
2983 2553 3124 2610 Deus
3151 2555 3409 2625 praecepit

1826 2643 1942 2698 ﬁeri
1994 2644 2095 2714 ipsi
2143 2660 2359 2716 quoque
2407 2659 2436 2697 a
2487 2645 2598 2698 Deo
2646 2654 2918 2700 merentur
2962 2644 3156 2700 audiri.
3205 2647 3400 2703 Beatus

1825 2753 2040 2808 quoque
2103 2739 2379 2808 apostolus
2429 2739 2626 2794 Paulus
2673 2740 2726 2794 in
2774 2739 3092 2796 necessitate
3145 2757 3412 2812 pressura:

1825 2830 2039 2900 adjutus
2067 2844 2098 2884 a
2128 2828 2408 2896 fratribus,
2430 2847 2596 2902 Opera
2618 2847 2734 2904 quae
2763 2843 2890 2888 sunt
2919 2834 3178 2890 sacrilicia
3206 2852 3220 2888 :
3251 2835 3412 2891 Satu-

1824 2939 1970 2980 ratus
1997 2941 2133 2994 sum,
2168 2926 2362 2996 inquit,
2396 2927 2652 2997 recipiens
2675 2929 2737 2980 ab
2762 2927 3121 3000 Epaphrodito
3147 2946 3207 2984 ea
3237 2945 3350 2998 quat
3379 2945 3412 2984 a

1827 3021 1966 3073 vobis
1997 3021 2155 3074 missa
2180 3031 2296 3074 sunt
2320 3021 2374 3074 in
2403 3023 2615 3076 odorem
2635 3024 2902 3078 suavitatis
2931 3023 3241 3093 sacriﬁcium
3269 3039 3408 3079 accc-

151 3098 328 3164 stulas,
355 3115 478 3155 cum
509 3111 559 3155 te
582 3103 695 3171 ipse
719 3119 822 3156 non
855 3105 1060 3170 audias,
1091 3115 1145 3160 et
1176 3107 1257 3160 vis
1285 3121 1408 3162 esse
1435 3109 1718 3163 Dominum
1828 3127 1972 3187 ptum
1999 3126 2047 3170 et
2076 3119 2326 3186 placitum
2355 3117 2485 3173 Deo.
2515 3119 2646 3174 Nam
2677 3136 2797 3175 cum
2827 3123 2946 3191 quis
2973 3123 3259 3177 miseretur
3281 3135 3412 3191 pau-

153 3201 438 3246 mcmorem
467 3193 544 3247 tui
566 3207 690 3248 cum
718 3209 896 3263 rogas,
933 3196 1144 3265 quando
1178 3207 1231 3252 tu
1259 3197 1376 3266 ipse
1403 3199 1482 3254 tui
1519 3216 1723 3255 memor

1832 3209 1995 3279 peris,
2030 3209 2144 3266 Deo
2169 3210 2394 3276 fenerat,
2422 3221 2478 3265 et
2518 3211 2607 3280 qui
2645 3211 2736 3265 dat
2766 3213 2998 3267 minimis
3030 3213 3142 3268 Deo
3169 3213 3333 3267 donat
3360 3222 3415 3268 et

152 3294 250 3335 non
273 3278 382 3336 sis?
405 3283 518 3338 Hoc
541 3292 625 3339 est
646 3286 713 3339 ab
736 3285 890 3340 hoste
913 3287 965 3340 in
987 3297 1152 3343 totum
1168 3305 1271 3343 non
1293 3306 1505 3362 cavere,
1521 3293 1620 3348 hoc
1645 3304 1727 3349 est
1754 3277 1806 3342 (ἶ
1831 3277 2186 3373 spiritualiter
2212 3304 2319 3356 Deo
2341 3277 2651 3356 suavitatem
2678 3302 2863 3357 odoris
2887 3302 3174 3358 sacrificat.
3207 3303 3262 3356 In
3291 3317 3414 3357 ora-

151 3375 354 3441 quasido
374 3390 502 3432 oras
521 3375 710 3444 Deum,
736 3377 1070 3447 maiestatem
1097 3379 1189 3436 Dei
1212 3382 1532 3454 negligentia
1559 3384 1730 3440 offen-

151 3461 292 3532 dare,
326 3466 432 3525 hoc
459 3479 544 3524 cst
570 3471 786 3540 vigilare
814 3474 986 3528 oculis
1012 3482 1068 3528 et
1096 3476 1330 3530 dormire
1362 3477 1528 3534 corde
1550 3520 1566 3546 ,
1601 3493 1727 3534 cum

155 3557 342 3614 debeat
366 3561 726 3631 Christianus,
745 3575 934 3620 etcum
961 3565 1158 3623 dormit
1177 3569 1371 3637 oculis,
1401 3573 1570 3628 corde
1596 3573 1730 3644 vigi-

159 3651 284 3720 lare,
317 3653 460 3708 sicut
486 3655 685 3709 dictum
715 3667 794 3710 est
824 3673 889 3714 ex
922 3674 1148 3728 persona
1179 3662 1449 3732 loquentis
1477 3665 1734 3721 Ecclesia

156 3744 203 3799 in
227 3745 456 3801 Cantico
483 3748 813 3804 canticorum
839 3769 851 3804 :
878 3750 990 3822 Ego
1030 3753 1232 3808 dormio
1256 3763 1305 3808 et
1334 3771 1424 3810 cer
1459 3773 1626 3812 meum
1652 3760 1733 3813 ei-

155 3838 291 3907 gilat,
323 3851 652 3911 quapropter
681 3845 910 3900 sollicite
947 3857 1001 3902 et
1037 3856 1194 3903 caute
1222 3848 1475 3906 admonet
1503 3851 1735 3920 Aposto-

156 3931 232 3988 lus
261 3934 486 3990 dicens:
513 3934 710 3990 lnstate
756 3941 976 3994 orationi
1017 3941 1286 4014 vigilantes
1320 3945 1374 3998 in
1404 3959 1465 3999 ea
1486 3987 1502 4014 ,
1534 3947 1735 4003 docens

157 4029 356 4086 scilicet
383 4040 436 4086 et
468 4031 760 4088 ostendens
787 4048 882 4090 eos
912 4036 1202 4105 impetrare
1227 4041 1366 4108 quod
1401 4041 1672 4110 postulant
1700 4056 1733 4097 a

164 4120 267 4176 Deo
297 4137 460 4192 posse
494 4139 630 4195 quos
681 4126 818 4181 Deus
861 4127 915 4181 in
960 4129 1203 4186 oratione
1239 4132 1415 4188 videat
1460 4136 1726 4206 vigilare;

161 4226 370 4271 orantes
398 4225 580 4272 autem
610 4232 714 4272 non
747 4218 1124 4292 infructuosis,
1165 4239 1270 4279 non
1304 4226 1459 4282 nudis
1486 4228 1734 4297 precibus

163 4308 222 4361 ad
252 4308 414 4365 Deum
436 4311 681 4376 veniant;
711 4312 954 4367 inell‘tcax
983 4314 1126 4370 enim
1153 4318 1336 4385 petitio
1364 4327 1447 4373 est
1467 4335 1589 4374 cum
1617 4335 1739 4389 pre—

164 4413 304 4459 catur
325 4405 498 4462 Deum
514 4408 713 4463 sterilis
731 4411 922 4463 oratio.
939 4409 1068 4464 Nam
1099 4425 1222 4466 cum
1240 4415 1606 4481 omnisarbor
1625 4431 1730 4471 non

173 4496 365 4552 faciens
393 4497 626 4554 fructum
658 4499 936 4554 excidatur
959 4510 1014 4555 et
1043 4502 1096 4556 in
1129 4504 1304 4573 ignem
1338 4507 1600 4578 mittatur,
1629 4509 1739 4563 uti-

167 4601 263 4656 que
289 4604 471 4646 sermo
495 4606 604 4646 non
630 4591 834 4647 habens
855 4593 1084 4648 fructum
1108 4599 1401 4664 promereri
1435 4600 1600 4654 Deum
1630 4615 1734 4656 non

1834 3396 2067 3452 tionibus
2094 3395 2428 3451 celebrandis
2458 3395 2760 3448 invenimus
2788 3405 2898 3450 tres
2920 3409 3120 3464 pueros
3147 3410 3267 3448 cum
3299 3394 3407 3450 Da-

1842 3486 1984 3542 niele
2010 3487 2066 3543 in
2113 3489 2218 3543 fide
2262 3488 2429 3542 fortes
2477 3499 2531 3543 et
2574 3487 2627 3541 in
2659 3489 2968 3557 captivitate
3004 3489 3257 3556 victores,
3283 3488 3416 3544 hora

1834 3581 2026 3647 tertia,
2055 3590 2207 3635 sexta
2233 3619 2247 3643 ,
2284 3593 2428 3633 nona
2455 3617 2470 3642 ,
2519 3587 2860 3633 sacramento
2905 3578 3119 3635 scilicet
3164 3579 3417 3635 trinitatis

1835 3685 1955 3744 qua
1986 3675 2038 3729 in
2090 3671 2397 3729 novissimis
2436 3675 2776 3744 temporibus
2803 3674 3140 3730 manifestari
3159 3674 3417 3734 debebat.

1833 3765 1964 3821 Nam
1994 3774 2050 3821 et
2078 3767 2242 3835 prima
2273 3766 2403 3821 bora
2429 3767 2481 3821 in
2507 3767 2715 3821 tertiam
2737 3767 2960 3822 veniens
2985 3777 3420 3823 consummatum

1837 3859 2118 3928 premissae
2147 3857 2272 3912 olim
2299 3872 2582 3913 numerum
2617 3858 2866 3913 trinitatis
2892 3861 3160 3924 ostendit;
3190 3859 3419 3914 iterum-

1835 3964 1942 4019 que
1977 3951 2044 4004 ad
2082 3960 2294 4006 sextam
2339 3965 2434 4021 per
2461 3959 2706 4022 quartam
2736 3952 3031 4022 procedens
3061 3951 3303 4006 declarat
3332 3953 3417 4006 al-

1839 4050 2010 4096 teram
2039 4041 2350 4098 trinitatem.
2391 4046 2461 4098 ltt
2496 4045 2709 4113 quando
2756 4059 2786 4098 a
2829 4044 3054 4113 septima
3102 4059 3241 4098 nona
3272 4059 3421 4099 coru-

1844 4135 2021 4204 pletur
2046 4150 2142 4203 per
2171 4145 2354 4191 ternas
2381 4136 2563 4202 bores,
2594 4137 2804 4191 trinitas
2826 4138 3058 4205 perlecta
3086 4148 3420 4193 numeratur.

1840 4229 1971 4298 Quae
1999 4233 2252 4287 horarum
2285 4230 2456 4302 spatia
2499 4230 2608 4301 jam
2649 4229 3186 4300 prcedeterminantes
3225 4232 3422 4286 adora-

1843 4333 1990 4379 tores
2017 4324 2111 4379 Dei
2141 4325 2356 4379 statutis
2384 4332 2440 4378 et
2488 4322 2744 4393 legitimis
2770 4323 2836 4376 ad
2877 4336 3062 4391 preces
3094 4323 3425 4392 temporibus

1843 4415 2171 4484 serviebant,
2199 4426 2254 4472 et
2299 4415 2584 4472 manifesta
2627 4413 2965 4486 postmodum
2998 4429 3084 4469 res
3127 4422 3213 4470 est
3251 4429 3425 4470 sacra-

1847 4517 2028 4564 menta
2055 4509 2186 4564 olim
2217 4508 2404 4571 fuisse,
2433 4507 2575 4578 quod
2605 4515 2732 4562 ante
2770 4508 2848 4562 sic
2886 4506 3018 4576 justi
3049 4507 3427 4578 precabantur.

1849 4602 1984 4656 "iam
2012 4617 2178 4672 super
2201 4601 2498 4672 discipulos
2530 4600 2676 4655 bora
2708 4601 2862 4655 tertia
2887 4600 3170 4655 descendit
3196 4601 3430 4668 Spiritus

171 4695 337 4752 potest
362 4731 376 4756 ,
424 4689 514 4758 qui
548 4689 694 4743 nulla
738 4689 1049 4759 operatione
1090 4689 1349 4746 fecundus
1378 4703 1480 4748 est.
1519 4694 1584 4748 Et
1614 4695 1735 4751 ideo
1771 4664 1828 4728 υ
1853 4664 2094 4759 sanctus,
2112 4695 2204 4764 qui
2218 4664 2442 4762 gratiam
2465 4695 2750 4747 dominica
2771 4693 3143 4760 promissionis
3165 4664 3423 4760 implevit.

171 4777 336 4834 divina
366 4783 638 4851 Scriptura
670 4782 882 4838 instruit
912 4785 1095 4840 dicens
1124 4803 1136 4838 :
1162 4785 1306 4840 Bona
1336 4797 1411 4841 est
1435 4789 1601 4842 oratio
1620 4806 1736 4844 cum

171 4871 358 4942 ieiunio
402 4884 450 4930 et
492 4877 843 4948 elemosyna,
883 4893 1006 4932 nam
1049 4879 1138 4948 qui
1187 4878 1240 4932 in
1264 4879 1447 4948 judicii
1478 4881 1566 4936 die
1600 4897 1737 4952 pra:-

173 4964 331 5020 mium
381 4984 480 5038 pro
525 4969 779 5038 operibus
810 4979 864 5024 et
899 4971 1256 5042 eleemosynis
1301 4974 1607 5030 redditurus
1638 4986 1743 5048 est,

1848 4785 1980 4842 Item
2004 4785 2194 4840 Petrus
2220 4785 2350 4839 hera
2377 4791 2526 4840 sexta
2553 4784 2604 4836 in
2631 4791 2827 4838 tectum
2854 4783 3102 4850 superius
3129 4781 3432 4838 ascendens

1850 4880 2001 4948 signo
2041 4877 2244 4947 pariter
2281 4888 2338 4932 et
2391 4890 2521 4930 voce
2561 4875 2773 4929 Domini
2822 4875 3092 4929 monentis
3139 4876 3435 4933 instructus

1851 4983 1936 5028 est
1961 4980 2019 5024 ut
2053 4985 2243 5024 omnes
2271 4969 2336 5023 ad
2367 4968 2598 5039 gratiam
2642 4967 2834 5023 salutis
2880 4965 3190 5022 admitteret
3216 4983 3338 5022 cum
3365 4967 3436 5024 de

177 5053 329 5115 hodie
352 5077 566 5132 quoque
594 5061 658 5116 ad
693 5061 988 5116 orationem
1019 5079 1139 5117 cum
1171 5066 1484 5133 operatione
1509 5068 1743 5124 venienti
1854 5061 2205 5119 emendandis
2249 5063 2500 5131 gentibus
2545 5070 2672 5115 ante
2721 5059 3012 5117 dubitaret.
3059 5059 3129 5114 Et
3174 5060 3437 5119 Domina

179 5150 433 5224 benignus
455 5157 668 5211 auditor
695 5165 798 5212 est.
829 5156 920 5212 Sic
947 5157 1176 5227 denique
1207 5159 1482 5216 Cornelius
1501 5161 1745 5218 centurio
1857 5157 1992 5210 hora
2012 5166 2162 5210 sella
2186 5155 2478 5209 cruciﬁxus
2498 5164 2601 5223 est,
2626 5162 2679 5208 et
2702 5153 2770 5206 ad
2794 5167 2994 5207 nonam
3016 5163 3232 5224 peccata
3255 5163 3440 5213 nostra

179 5259 292 5301 cum
319 5258 500 5306 oraret
521 5251 717 5306 meruit
737 5250 1010 5315 exaudiri;
1040 5251 1138 5306 fuit
1160 5254 1303 5308 enim
1329 5256 1521 5312 multas
1544 5257 1747 5314 faciens
1856 5249 2057 5318 abluit;
2088 5260 2142 5306 ct
2167 5258 2224 5306 ut
2252 5248 2520 5305 redimere
2536 5256 2592 5304 ct
2615 5246 2888 5303 viviﬁcare
2930 5261 3030 5304 nos
3077 5257 3279 5318 posset,
3314 5257 3440 5304 tunc

182 5338 544 5416 eleemosynas
575 5344 630 5401 in
677 5345 834 5417 plebe
884 5353 938 5402 et
966 5361 1179 5417 semper
1205 5363 1363 5404 orans
1393 5349 1579 5406 Deum.
1614 5351 1748 5410 Huic
1858 5345 2142 5404 victoriam
2181 5360 2330 5403 suam
2377 5346 2556 5417 passio
2601 5343 2844 5414 perfecit.
2887 5342 2995 5400 Sed
3046 5344 3218 5408 nobis,
3249 5344 3442 5398 fratres

184 5430 315 5486 circa
361 5435 552 5492 boram
592 5451 788 5493 nonam
821 5437 1028 5494 adstitit
1055 5441 1224 5494 oranti
1255 5441 1476 5511 angelus
1503 5443 1751 5499 testimo-
1861 5439 2169 5509 carissimi,
2243 5446 2440 5510 praeter
2510 5437 2688 5493 horas
2736 5437 3030 5508 antiquitus
3085 5437 3400 5491 observatas
3422 5473 3438 5500 ,

187 5522 322 5582 nium
347 5529 578 5586 reddens
602 5531 681 5585 sui
708 5531 889 5600 operis
909 5538 970 5586 et
987 5530 1172 5586 dicens
1198 5549 1210 5584 :
1237 5529 1471 5600 Corneli,
1497 5535 1753 5593 orationes

1866 5532 2056 5592 orandi
2083 5541 2302 5588 nuncet
2324 5533 2502 5603 spatia
2530 5540 2586 5587 et
2622 5538 2957 5587 sacramenta
2987 5538 3289 5594 creverunt,
3323 5541 3445 5585 nam

191 5623 286 5672 tua
311 5629 354 5673 et
387 5622 717 5694 elemosynae
745 5631 844 5680 tute
867 5625 1214 5681 ascenderunt
1236 5627 1306 5680 ad
1337 5629 1634 5683 memoriam
1666 5645 1756 5685 ce-
1867 5641 1924 5689 et
1969 5645 2127 5686 mane
2169 5627 2456 5692 orandum,
2486 5636 2544 5682 ut
2567 5628 2898 5683 resurrectio
2935 5623 3154 5680 Domini
3191 5623 3448 5682 alumine

192 5725 295 5763 ram
326 5711 564 5773 Domine.
597 5719 720 5774 Cito
742 5708 836 5774 eae
867 5721 1140 5778 orationes
1170 5721 1466 5778 ascendunt
1511 5737 1647 5795 quas
1694 5724 1764 5781 ad
1870 5716 2114 5780 oratione
2136 5720 2472 5785 celebretur,
2498 5719 2640 5789 quod
2670 5719 2798 5773 etim
2826 5717 3066 5787 Spiritus
3095 5721 3324 5771 eam
3356 5712 3450 5770 αις

195 5799 464 5863 Dominum
497 5811 686 5865 merita
717 5813 886 5867 nostri
909 5814 1088 5884 aperis
1114 5814 1421 5885 important.
1456 5815 1548 5872 Sic
1579 5826 1634 5872 et
1657 5816 1763 5873 Ra.

200 5895 348 5954 uhacl
375 5902 590 5970 angelus
630 5900 816 5958 Tobic
842 5918 1053 5972 seraper
1089 5907 1262 5961 oranti
1294 5916 1348 5964 et
1381 5922 1600 5978 semper
1627 5922 1758 5978 ope-

1870 5815 2114 5886 signabat
2157 5812 2218 5867 ἣν
2247 5812 2458 5883 palato
2475 5812 2659 5874 dicens
2685 5828 2697 5864 :
2728 5809 2839 5864 Rea
2871 5824 3016 5865 meus
3039 5816 3088 5864 et
3123 5807 3260 5864 Deus
3286 5821 3448 5875 meus,

1873 5907 2114 5978 quoniam
2145 5905 2224 5958 ad
2244 5913 2288 5960 te
2331 5907 2560 5974 orabam,
2585 5920 2732 5960 mane
2772 5904 3014 5960 Μαῖα
3047 5919 3216 5958 vocem
3246 5917 3448 5966 meam,
