4018 6490
592 414 727 471 1127
758 424 764 430 '

1515 416 2026 475 SUPLEMENTUM
2063 419 2157 474 AD
2194 417 2418 476 OPERA
2460 420 2518 477 S.
2561 419 2948 482 AUGUSTLNI.

591 541 741 580 mane
765 526 1010 582 adsistunt
1038 527 1130 583 tibi
1160 535 1210 583 at
1247 529 1624 602 contmplabor
1649 542 1716 586 te.
1754 532 2032 587 Etiterum
2076 548 2169 602 per
2201 539 2376 602 Aest.
2419 533 2641 603 Quando
2682 537 2822 593 enim
2871 551 2990 593 sme
3038 535 3244 594 lumine
3289 546 3424 607 est,
3463 537 3560 596 cli
3598 537 3766 597 lum
3807 544 3851 599 ia

591 616 905 686 prophetam
950 617 1185 687 loquitur
1211 619 1468 676 Dominus
1493 639 1507 675 :
1537 621 1780 678 Dilucqu
1801 625 2080 696 vigilabant
2099 626 2168 680 ad

589 721 670 760 nte
703 705 931 760 dicentes
955 722 976 762 :
1002 707 1196 764 Eamus
1235 719 1284 766 et
1326 721 1636 768 revertamur
1670 715 1739 768 ad
1777 714 2048 771 Dominum
2077 734 2170 772 no-

587 807 772 850 strum.
803 798 1109 858 Recedente
1136 803 1328 857 iterum
1350 803 1466 860 sole
1491 819 1553 859 ac
1578 805 1665 860 die
1693 817 1938 863 cessante
1975 823 2166 864 neces-

587 886 732 940 sario
758 902 944 944 rursus
975 890 1232 946 orandum
1269 903 1390 960 est;
1423 908 1543 948 nam
1587 896 1729 951 Deus
1770 906 1952 952 noster
1979 901 2059 954 sol
2085 907 2168 955 est

585 987 638 1032 et
669 978 784 1033 dies
808 994 990 1048 verus,
1019 991 1074 1035 et
1094 981 1210 1038 sole
1233 998 1297 1038 ac
1323 984 1414 1040 die
1437 985 1618 1041 seculi
1645 989 1928 1043 recedente
1953 990 2168 1059 quando

587 1082 809 1124 oramus
835 1080 888 1124 et
933 1073 1164 1140 petimus
1193 1083 1250 1129 ut
1297 1090 1462 1145 super
1495 1092 1593 1134 nos
1631 1079 1716 1133 lux
1751 1080 1954 1148 veniat,
1989 1081 2168 1137 denuo

583 1157 677 1212 Clu
693 1159 782 1214 isti
805 1175 1084 1228 precamur
1103 1165 1387 1221 adventum
1411 1168 1546 1224 lucis
1561 1181 1772 1224 eterna:
1792 1171 2017 1242 gratiam
2032 1187 2170 1243 prae-

585 1247 838 1304 biturum.
854 1249 1122 1306 Christum
1137 1261 1313 1311 autem
1333 1256 1474 1313 diem
1493 1258 1693 1315 dictum
1706 1260 2011 1329 declaratfin
2026 1265 2162 1333 psal.

582 1341 813 1411 Spiritus
835 1355 1050 1401 sanctus
1075 1347 1298 1404 dicens:
1324 1352 1367 1403 Α
1397 1351 1614 1405 Domino
1635 1355 1824 1423 factum
1849 1363 1926 1408 est
1951 1354 2090 1409 istud
2118 1365 2166 1410 et

581 1442 656 1487 est
687 1436 918 1492 mirabile
964 1439 1017 1493 in
1045 1442 1207 1495 oculis
1235 1444 1440 1504 nostris,
1470 1454 1526 1499 et
1549 1459 1736 1499 rursus
1764 1445 1917 1499 :lsta
1946 1456 2022 1500 est
2054 1449 2163 1503 dies

581 1543 731 1598 quam
763 1535 880 1599 fecit
923 1531 1194 1599 Dominus,
1227 1536 1510 1590 exaltemus
1539 1545 1586 1590 et
1607 1537 1958 1607 jucundemur
1989 1543 2043 1592 in
2080 1556 2159 1594 ea.

584 1621 718 1676 ltem
766 1623 906 1688 quod
959 1623 1038 1677 Sol
1082 1626 1379 1694 appellatus
1420 1630 1522 1692 sit,
1581 1628 1864 1684 Malachias
1905 1631 2162 1700 propheta

586 1723 812 1767 testatur
839 1716 1026 1770 dicens
1053 1734 1064 1769 ε
1102 1716 1257 1772 Vobis
1291 1730 1461 1774 autem
1490 1724 1581 1792 qui
1613 1722 1802 1775 timetis
1837 1739 2019 1777 nomen
2055 1723 2162 1778 Do-

583 1807 710 1860 mini
739 1807 931 1862 orietur
956 1810 1035 1862 sol
1055 1812 1276 1882 justitia:
1301 1823 1349 1866 et
1376 1813 1428 1868 in
1464 1815 1578 1867 aliis
1605 1815 1909 1870 obscuratio.
1936 1815 2088 1881 Quod
2115 1817 2158 1871 si

2273 625 2436 681 corde
2463 625 2582 680 est?
2606 635 2699 682 aut
2723 628 2936 697 quando
2961 629 3041 683 sol
3065 639 3117 683 et
3141 629 3264 686 dies
3303 645 3422 686 non
3467 639 3579 697 est,
3605 633 3693 688 cli
3716 633 3788 689 sal
3811 647 3854 691 et

2272 716 2390 792 dies
2411 716 2655 773 Christus
2675 719 2795 774 est?
2821 719 2926 786 Qui
2955 729 3137 777 autem
3178 723 3236 779 in
3268 722 3531 789 Christo,
3566 723 3673 780 hoc
3706 735 3782 780 cat
3809 727 3854 783 ia

2273 809 2474 868 lumine
2513 829 2729 883 semper
2773 815 3014 883 fuimus,
3061 832 3170 875 nec
3209 819 3478 875 noctibus
3519 817 3594 874 ab
3638 821 3856 878 statim

2269 916 2566 970 cessemus,
2588 907 2727 962 sicut
2744 911 2900 964 Anna
2916 909 3073 965 vidua
3095 911 3216 967 sine
3241 910 3662 967 intermissione
3680 927 3857 984 roga

2269 1008 2481 1064 semper
2508 1006 2564 1050 et
2589 997 2816 1067 vigilans
2838 1000 3219 1069 perseverabat
3245 1001 3300 1056 in
3331 1001 3718 1072 promerendo
3736 1003 3854 1068 Deo,

2269 1084 2408 1141 sicut
2443 1087 2494 1142 in
2528 1089 2815 1160 Evangelia
2862 1091 3118 1161 scriptum
3148 1102 3233 1150 est
3260 1107 3276 1146 :
3303 1091 3437 1148 Non
3466 1092 3760 1157 recede“,
3783 1094 3856 1149 ia-

2269 1179 2403 1248 quit,
2435 1179 2498 1234 dc
2521 1183 2707 1252 templo
2719 1183 2944 1255 jejuniis
2968 1192 3017 1238 et
3042 1184 3366 1239 orationibus
3390 1186 3634 1240 serviens
3663 1193 3857 1239 nactast

2269 1272 2387 1338 die;
2413 1287 2519 1327 non
2548 1272 2800 1330 viderunt
2819 1275 3028 1331 scilicet
3051 1277 3141 1348 qui
3161 1291 3262 1332 nec
3279 1277 3586 1332 illuminati
3610 1287 3756 1345 sunt,
3785 1278 3854 1333 vel

2266 1363 2438 1420 Judaei
2460 1366 2550 1436 qui
2573 1366 2776 1423 deserti
2825 1368 3029 1425 lumine
3073 1371 3128 1424 in
3158 1370 3405 1426 tenebris
3458 1381 3848 1427 remanserant.

2268 1453 2397 1520 Nos,
2423 1455 2617 1514 ftatres
2637 1458 3012 1527 dilectissimi,
3049 1463 3140 1532 qui
3162 1462 3217 1518 in
3242 1462 3469 1518 Domini
3509 1462 3640 1519 lucc
3667 1477 3854 1533 aet-pc

2266 1561 2473 1614 sumus,
2502 1551 2590 1619 qui
2627 1550 2920 1606 meruimus
2957 1563 3011 1608 et
3039 1563 3285 1609 tenemus
3311 1553 3450 1620 quid
3497 1567 3633 1609 esse
3661 1563 3851 1622 amella

2267 1644 2437 1710 gratia
2461 1643 2803 1712 cmperimus,
2831 1654 3200 1714 computemus
3233 1656 3456 1702 noctem
3484 1660 3594 1714 pro
3619 1645 3730 1712 die,
3753 1660 3851 1699 au-

2266 1730 2452 1787 bulare
2492 1747 2708 1804 semper
2749 1736 2802 1790 in
2846 1737 3050 1792 lumine
3077 1753 3178 1794 nos
3199 1738 3532 1804 credamus,
3563 1753 3675 1793 nou
3699 1738 3848 1804 impe-

2266 1823 2476 1880 diamur
2500 1843 2526 1878 a
2561 1828 2797 1884 tenebris
2835 1844 2969 1898 quas
3018 1830 3319 1896 evasimus,
3372 1829 3534 1885 nulla
3578 1830 3693 1884 sint
3727 1829 3850 1884 boris

580 1897 631 1952 lu
656 1899 944 1969 Setipturis
970 1913 1175 1957 sauct.s
1208 1904 1288 1959 sol
1331 1919 1483 1962 \erus
1511 1916 1564 1960 et
1592 1905 1705 1962 dies
1729 1922 1884 1962 verus
1913 1906 2160 1962 Christus
2194 1930 2242 1991 Β
2272 1919 2550 1974 nocturnis
2583 1933 2800 1986 precum
2830 1897 3023 1976 damna
3049 1960 3066 1986 ,
3093 1921 3239 1976 nulla
3269 1920 3594 1977 orationum
3627 1921 3768 1991 pigra
3805 1930 3851 1974 ct

581 2000 685 2055 est,
718 1988 849 2046 hora
877 1994 1020 2048 nulla
1058 1994 1380 2052 Christianis
1419 1999 1702 2068 excipitur,
1731 1999 2015 2070 quominus
2045 2000 2157 2056 fre-
2195 1988 2230 1991 ⁷
2266 2008 2451 2079 ignara
2480 2008 2794 2079 dispendia;
2828 2026 2923 2082 per
2950 2012 3046 2067 Dei
3076 2013 3475 2083 indulgentiam
3510 1988 3742 2068 recreati
3759 2013 3850 2079 spi-

579 2093 802 2152 qucnter
829 2100 892 2140 ac
933 2101 1144 2155 semper
1183 2089 1322 2146 Deus
1360 2090 1556 2147 debeat
1588 2093 1838 2159 adorari;
1870 2103 1928 2147 ut
1973 2093 2062 2163 qui
2102 2095 2155 2148 in
2263 2100 2532 2156 ritualiter
2558 2110 2614 2157 et
2639 2103 2811 2159 renati
2838 2105 3108 2158 imitemur
3134 2103 3280 2175 quod
3323 2102 3502 2158 futuri
3531 2117 3750 2166 sumus,
3773 2102 3850 2156 ba-

586 2175 804 2232 Christo
831 2179 932 2234 hoc
959 2189 1042 2235 est
1071 2183 1184 2237 sole
1229 2192 1279 2236 et
1318 2183 1369 2236 in
1395 2183 1482 2238 die
1514 2199 1640 2239 vero
1661 2200 1870 2252 sumus,
1899 2187 2156 2241 instemus
2266 2192 2430 2249 bituri
2469 2195 2522 2249 in
2549 2209 2741 2269 regno,
2789 2195 2907 2251 sine
2956 2196 3263 2252 interventu
3295 2197 3513 2263 noctis,
3561 2195 3695 2250 solis
3728 2194 3846 2249 dial

577 2282 673 2338 per
703 2277 869 2324 totam
891 2271 1033 2327 diem
1059 2275 1302 2344 precibus
1325 2284 1378 2328 et
1397 2291 1631 2342 oremus,
1661 2288 1716 2332 ut
1737 2279 1950 2346 quando
1970 2279 2153 2359 mundi
2263 2287 2695 2356 sempiternum;
2745 2292 2896 2358 quasi
2945 2291 2998 2343 in
3050 2289 3258 2344 lumine
3309 2286 3614 2359 vigilemus
3669 2282 3846 2342 oraui

585 2369 637 2414 et
669 2360 799 2429 legis
824 2361 1067 2420 decursis
1091 2368 1293 2422 vicibus
1313 2367 1533 2424 alternis
1559 2385 1663 2423 nox
1706 2372 1940 2426 resoluta
1967 2385 2155 2427 succe-
2262 2392 2477 2449 semper
2505 2389 2560 2435 et
2585 2380 2757 2435 acturi
2792 2380 2901 2437 Deo
2920 2381 3116 2450 gratias
3142 2398 3157 2437 :
3182 2395 3251 2437 ac
3278 2394 3388 2450 per
3419 2379 3532 2436 hoc
3553 2388 3611 2437 et
3631 2377 3717 2434 hic
3739 2391 3846 2448 qla-

579 2448 698 2517 dit,
745 2453 947 2509 nullum
995 2456 1062 2510 de
1115 2461 1391 2514 nocturnis
1435 2461 1673 2516 tt-tzebris
1719 2477 1840 2517 esse
1882 2463 2156 2518 orantibus
2263 2485 2370 2540 que
2386 2448 2552 2528 orare
2577 2481 2631 2528 et
2656 2487 2817 2543 agere
2838 2448 3037 2544 gratias
3067 2489 3173 2528 non
3201 2448 3562 2530 dm“!-

577 2543 830 2601 damuum
861 2547 1046 2617 possit,
1073 2551 1195 2620 quia
1235 2551 1357 2607 tiliis
1387 2554 1518 2608 lucis
1542 2562 1596 2609 et
1627 2553 1676 2607 iu
1719 2555 1832 2624 ipsa
1858 2561 2016 2610 nocte
2041 2553 2156 2609 dies

1223 2873 1924 2983 OPUSCUL
1951 2875 2172 2983 UM
2242 2871 3219 2998 SECUNDUM,

2125 3079 2280 3137 SIVF.

750 3234 1094 3317 LIBER
1174 3235 1335 3317 DE
1410 3235 2014 3345 QUATUOR
2089 3232 2823 3318 VIRTUTIBUS
2900 3231 3669 3324 CHARITATIS.

647 3391 978 3448 Dcsiderium
999 3394 1279 3450 charitatis
1291 3404 1479 3449 \'estra:
1495 3409 1523 3448 a
1555 3395 1705 3450 nobis
1737 3395 1898 3466 exigit
1917 3394 2152 3450 debitum
2185 3398 2231 3461 C
2261 3393 2442 3449 omnia
2469 3392 2658 3448 tolerat
2683 3392 2901 3449 emicuit
2927 3394 2979 3448 in
3001 3403 3191 3451 sancto
3215 3395 3340 3453 Noe
3363 3416 3380 3452 :
3407 3415 3540 3471 qua
3562 3401 3838 3457 cuiaci-

569 3488 834 3542 sermouis
879 3487 1113 3544 ot‘licium
1141 3505 1154 3555 ;
1197 3489 1294 3544 sed
1335 3499 1479 3544 tanta
1511 3501 1632 3544 sunt
1667 3504 1786 3559 quae
1829 3497 2068 3546 terreant
2102 3497 2156 3544 et
2259 3485 2338 3541 dit
2362 3485 2414 3540 in
2436 3493 2628 3540 sancto
2653 3484 3102 3556 Abrabatnzquaa
3122 3489 3309 3543 omnia
3335 3492 3603 3562 speratin
3629 3492 3836 3563 patribus

573 3590 831 3639 revocent
854 3583 1092 3638 animum
1124 3592 1364 3639 nostrum
1396 3593 1478 3648 ut,
1504 3586 1546 3638 si
1582 3584 1810 3639 velimus
1839 3598 2031 3653 parere
2059 3582 2153 3640 de-

577 3675 776 3731 siderio
804 3687 1004 3742 vestro,
1033 3690 1138 3730 non
1163 3677 1234 3730 sit
1264 3676 1382 3732 siue
1405 3675 1640 3743 periculo
1681 3687 1883 3731 nostro.
1927 3676 2155 3730 Locutu-

571 3779 667 3820 rus
694 3780 922 3835 namque
946 3766 1013 3820 de
1033 3767 1312 3833 charitate,
1340 3766 1550 3822 silentio
1568 3783 1671 3821 non
1701 3775 2009 3835 praeteream
2038 3781 2156 3836 qua:

570 3855 712 3912 bona
739 3872 806 3912 es
849 3871 915 3912 ea
950 3856 1260 3926 procedant,
1299 3867 1356 3912 et
1378 3874 1498 3928 qua:
1529 3873 1648 3913 eam
1670 3859 2022 3926 comitentur;
2058 3861 2153 3916 sed

569 3948 828 4018 temporis
864 3956 1167 4005 coarctatus
1197 3951 1475 4020 angustiis,
1509 3965 1615 4021 quo
1659 3967 1746 4007 me
1783 3952 2058 4007 conferam
2101 3953 2158 4006 in.

568 4043 753 4110 primis
779 4043 878 4098 nisi
899 4043 966 4098 ad
989 4057 1188 4100 sanctae
1218 4045 1385 4113 ipsius
1417 4046 1637 4116 vestigia
1671 4047 1980 4113 charitatis,
2004 4061 2153 4102 eam-

566 4152 674 4207 que
717 4136 976 4206 deprecer
1020 4145 1079 4192 ut
1119 4138 1283 4194 donet
1323 4139 1450 4193 mihi
1499 4138 1698 4209 aliquid
1743 4139 1962 4211 dignum
1992 4139 2062 4196 de
2095 4153 2155 4195 se

2262 3587 2403 3632 nosti
2415 3577 2483 3643 is,
2521 3578 2574 3634 id
2617 3588 2700 3634 est
2731 3579 2786 3635 in
2819 3581 3014 3650 populo
3043 3581 3236 3648 Israel,
3263 3585 3421 3639 unde
3465 3584 3585 3655 ipse
3613 3586 3835 3640 Dominus

2257 3679 2484 3726 exortus
2521 3679 2638 3738 est;
2669 3687 2788 3739 qua:
2814 3673 2994 3728 omnia
3030 3673 3282 3739 sustinet,
3317 3675 3374 3729 in
3406 3676 3534 3746 ipso
3552 3680 3717 3750 capite
3745 3679 3835 3734 Do-

2257 3763 2406 3817 mino
2434 3772 2622 3817 nostro
2657 3763 2785 3818 Jesu
2813 3763 3052 3832 Christo,
3083 3766 3173 3834 qui
3205 3773 3294 3820 est
3323 3781 3462 3824 vera
3488 3769 3716 3827 Charitas
3734 3786 3833 3840 qua

2259 3869 2534 3924 nunquam
2575 3855 2740 3911 cadit.
2771 3854 2885 3912 Nec
2923 3866 3152 3912 caeteros
3189 3867 3416 3915 sanctos
3459 3861 3535 3916 ab
3579 3863 3654 3917 his
3689 3863 3834 3917 virtu-

2265 3949 2407 4004 tibus
2432 3958 2606 4006 vestra
2643 3947 2880 4004 charitas
2902 3947 3117 4020 deputet
3143 3949 3357 4008 alienos
3393 3968 3538 4024 quos
3561 3969 3656 4023 pro
3685 3955 3835 4011 brevi-

2260 4048 2369 4096 tate
2413 4041 2675 4110 temporis
2715 4050 2770 4096 et
2815 4056 2913 4111 pro
2941 4056 3194 4098 sermone
3231 4056 3499 4114 suscepto
3537 4047 3610 4101 ita
3636 4057 3833 4116 praetcr-

2261 4133 2456 4190 missos
2474 4149 2598 4190 esse
2624 4134 2933 4204 cognoscite
2954 4143 3014 4188 ut
3037 4144 3217 4190 tamen
3261 4137 3581 4194 certissime
3602 4139 3832 4194 noveritis

570 4227 770 4293 dicere,
813 4241 918 4298 quo
949 4239 1003 4282 et
1046 4242 1221 4282 meum
1265 4229 1541 4298 suppleam
1587 4229 1942 4286 ministerium
1984 4239 2041 4287 et
2065 4245 2156 4287 ve-
2261 4242 2454 4284 omnes
2485 4241 2609 4310 esse
2632 4228 2685 4282 in
2710 4226 2928 4284 Christo
2950 4229 3080 4283 etin
3122 4228 3382 4286 omnibus
3409 4230 3705 4286 Christum.
3743 4230 3830 4286 Sed

567 4331 738 4377 strum
783 4321 972 4376 satiem
1001 4321 1370 4377 desiderium?
1402 4322 1544 4377 luter
1580 4333 1806 4378 czeteras
1829 4332 2008 4379 autem
2049 4325 2151 4378 vir-
2221 4341 2226 4346 ·
2251 4321 2364 4391 jam
2388 4323 2663 4377 videamus
2687 4323 3141 4392 quemadmodum
3167 4332 3392 4380 sanctus
3415 4325 3536 4383 Noe
3559 4325 3831 4396 possederit

568 4419 708 4465 tutcs
737 4413 872 4477 cjus,
918 4425 1052 4480 quas
1090 4421 1477 4468 commemorat
1515 4414 1791 4482 apostolus
1831 4414 2049 4482 Paulus,
2072 4416 2152 4470 ait
2269 4416 2521 4470 virtutem
2566 4415 2848 4470 charitatis
2897 4429 3019 4484 qua:
3057 4416 3238 4471 omnia
3302 4416 3523 4472 tolerat.
3567 4418 3747 4474 Stati
3779 4431 3831 4470 ac

577 4503 717 4570 quod
743 4504 930 4558 caritas
959 4519 1061 4557 non
1099 4503 1390 4572 cemolatur,
1424 4521 1525 4560 non
1560 4507 1666 4576 agit
1709 4522 2012 4577 perperam,
2045 4523 2146 4562 non
2255 4507 2349 4563 ille
2375 4509 2680 4563 admonitus
2706 4506 2828 4576 fuit,
2853 4508 3090 4580 confugit
3119 4509 3186 4563 ad
3219 4509 3425 4578 lignum
3457 4521 3516 4566 et
3563 4521 3681 4580 post
3706 4525 3830 4566 cam-

464 4625 469 4631 -
565 4596 822 4663 irritatur,
837 4614 939 4652 non
964 4599 1156 4669 cogitat
1179 4597 1405 4665 malum;
1427 4609 1482 4656 et
1509 4607 1779 4668 postremo
1801 4601 1897 4656 has
1923 4611 2154 4671 quatuor
2257 4614 2443 4671 porum
2475 4615 2812 4657 ammnorum
2839 4600 3033 4658 faciem
3057 4613 3319 4674 angustus
3339 4618 3404 4660 se
3435 4606 3669 4663 recludit
3686 4621 3822 4664 arce:

565 4691 684 4758 ejus
737 4691 960 4746 virtutes
1002 4690 1149 4747 brevi
1192 4705 1442 4748 sermone
1491 4692 1900 4763 comprehendit
1938 4693 2148 4761 dicens,
2259 4691 2454 4748 tolerat
2501 4691 2622 4748 omli
2665 4693 2964 4758 fremitum,
3003 4693 3238 4749 solutum
3277 4709 3550 4767 aquarum
3593 4699 3825 4770 fragorem

564 4781 750 4835 Omnia
779 4783 985 4849 tolerat,
1036 4783 1208 4837 omnia
1257 4783 1452 4852 credit,
1483 4783 1656 4837 omnia
1711 4792 1881 4853 sperat
1908 4825 1926 4852 ,
1976 4784 2150 4839 omnia
2179 4791 2234 4854 ι)
2258 4797 2313 4843 et
2340 4787 2669 4854 nimborum,
2697 4800 2752 4844 et
2781 4801 2901 4859 post
2923 4790 3028 4845 ista
3051 4791 3230 4848 omnia
3256 4789 3351 4861 qui
3380 4792 3604 4848 solebat
3625 4793 3826 4862 gaudere

563 4874 796 4928 sustinet.
832 4873 906 4928 De
947 4873 1031 4929 his
1061 4875 1464 4945 igiturquatuor
1484 4876 1770 4932 virtutibus
1795 4884 1996 4932 sanctae
2016 4878 2148 4932 cha-
2252 4880 2527 4935 consortio
2589 4881 2863 4936 hominum
2928 4881 3113 4938 socius
3170 4883 3584 4954 quodammodo
3626 4886 3825 4941 elicitur

565 4965 737 5021 ritatis
779 4966 923 5036 loqui
962 4967 1214 5023 convenit
1242 4967 1511 5025 sanctitati
1549 4976 1776 5037 vestrae,
1807 4968 2148 5039 delectatque
2253 4974 2587 5043 serpentium
2611 4990 2676 5031 ac
2708 4977 2969 5048 ferarum,
3009 4993 3113 5034 nec
3142 4981 3461 5048 expavescit
3483 4980 3572 5035 \ir
3595 4981 3691 5036 iste
3706 4977 3823 5050 quod

569 5059 820 5127 primitus
862 5059 1089 5126 intueri,
1119 5061 1572 5130 quemadmodum
1619 5071 1851 5132 quatuor
1897 5061 2144 5118 cardines
2252 5079 2374 5120 cum
2411 5082 2479 5123 eo
2525 5067 2653 5126 term
2716 5071 2827 5124 sint
2868 5070 2923 5124 in
2962 5083 3086 5126 arca
3117 5109 3137 5138 ,
3181 5070 3291 5127 imo
3343 5069 3416 5126 ibi
3463 5073 3708 5143 agnoscit
3740 5089 3817 5126 or-

561 5152 710 5207 orbis
745 5153 1024 5208 continens
1053 5161 1222 5212 totum
1249 5155 1550 5225 possederit
1575 5155 1853 5211 mundum.
1882 5152 2147 5225 Requira-
2252 5157 2433 5214 dinem
2454 5173 2610 5214 suum
2647 5160 2854 5230 feritas,
2886 5161 3009 5232 quia
3037 5178 3100 5219 se
3131 5161 3383 5234 cognovit
3428 5164 3750 5228 huntanizas,
3772 5172 3817 5218 et

562 5259 683 5300 mus
710 5243 893 5314 igitur,
924 5246 968 5300 si
991 5245 1182 5316 placet,
1206 5247 1506 5318 aliquorum
1531 5245 1782 5317 exempla
1809 5255 2141 5315 sanctorum,
2248 5249 2460 5321 jubeuti
2496 5251 2698 5308 homini
2739 5253 2999 5310 obediunt
3023 5294 3041 5320 ,
3085 5255 3210 5325 quia
3249 5253 3529 5312 hominem
3574 5256 3816 5327 superiori

564 5350 750 5392 eorum
773 5335 1000 5404 scilicet,
1027 5340 1117 5410 qui
1141 5337 1222 5394 his
1240 5339 1524 5396 virtutibus
1549 5341 1782 5410 possessi
1803 5348 1949 5408 sunt,
1984 5348 2040 5396 et
2063 5339 2145 5395 eis
2253 5342 2486 5400 Domino
2534 5345 2755 5402 obedire
2790 5355 3144 5414 cognoscunt.
3189 5347 3484 5404 Ostensum
3521 5361 3610 5405 est
3646 5351 3697 5404 in
3731 5350 3822 5404 Noe

557 5428 782 5502 singulis
812 5429 885 5486 ita
905 5430 1112 5502 singula
1135 5431 1455 5503 tribuamus,
1479 5441 1541 5488 ut
1571 5447 1761 5490 onlnes
1797 5433 1852 5489 in
1891 5432 2140 5490 omnibus

555 5535 679 5578 esse
696 5535 1002 5588 noscamus,
1033 5523 1287 5594 quoniam
1315 5525 1492 5581 omnis
1511 5525 1603 5596 qui
1626 5525 1714 5596 pie
1745 5525 1959 5593 tolerat,
1991 5536 2141 5582 recte

553 5611 747 5680 endit,
763 5612 962 5684 aliquid
973 5610 1068 5688 [ιε’.
1082 5611 1184 5686 leg.
1195 5615 1366 5672 credit
1378 5615 1558 5687 atque]
1571 5626 1770 5688 sperat,
1795 5627 1848 5674 et
1860 5619 1946 5686 qui
1959 5626 2139 5690 sperat

553 5709 804 5779 sustinet,
825 5722 894 5766 ne
905 5709 1210 5782 absquespe
1236 5711 1410 5768 cadat.
1426 5710 1529 5766 Sed
1544 5711 1652 5782 jam
1673 5713 1766 5785 qui
1783 5729 1900 5768 nam
1915 5714 1996 5768 isti
2011 5721 2137 5768 sunt

552 5800 851 5871 videamus,
883 5818 1109 5876 quorum
1137 5803 1294 5861 ﬁdem
1319 5804 1630 5875 inquantum
1655 5806 1889 5877 desuper
1917 5807 2143 5876 adjuva-

553 5904 672 5947 ntur
693 5893 904 5958 assequi
935 5894 1225 5954 valeamus.
1249 5897 1428 5955 Virtus
1451 5905 1663 5954 sancta
1690 5899 1967 5965 eharitatis
2017 5915 2138 5970 quae

2249 5437 2392 5508 quod
2433 5438 2603 5494 Adam
2672 5451 2999 5510 praeceptum
3036 5439 3254 5497 Domini
3293 5447 3693 5501 contemuendo
3724 5458 3823 5514 per-

2246 5527 2482 5596 diderit,
2531 5537 2589 5586 et
2627 5532 3056 5588 demonstratum
3087 5541 3174 5588 est
3208 5547 3370 5605 posse
3409 5535 3657 5590 homines
3681 5533 3822 5590 etiam

2246 5619 2434 5678 bestiis
2473 5621 2776 5690 dominari,
2817 5624 2865 5680 si
2900 5624 3239 5681 subdantse
3286 5625 3610 5682 obedientine
3659 5625 3817 5682 cendi-

2250 5719 2405 5775 toris.
2445 5719 2737 5792 Exspectat
2777 5730 2829 5776 et
2877 5721 3074 5777 tolerat
3113 5731 3332 5776 sanctus
3369 5723 3466 5777 is'e
3505 5724 3666 5778 linem
3693 5725 3814 5777 dilu-

2249 5809 2359 5879 vii,
2403 5825 2504 5868 nec
2540 5821 2825 5882 antequam
2869 5812 3085 5867 tiniatur
3122 5827 3282 5868 causa
3314 5812 3548 5869 ferarum
3588 5829 3711 5868 arca
3744 5828 3816 5867 reo

2251 5902 2525 5974 linquitur.
2587 5906 2808 5963 Tolerat
2867 5905 3039 5962 bonus
3087 5908 3228 5982 mala
3286 5917 3349 5962 et
3405 5907 3580 5966 donec
3627 5910 3679 5964 in
3723 5909 3814 5964 lius
