4018 6482
222 443 348 502 “‘29

1019 403 1223 502 usus
1265 443 1354 501 os
1383 412 2166 526 ouiu'uoitvmrurisus
2203 445 2638 506 CHARITATIS.

3313 449 3454 509 H30

221 563 367 621 etiam
397 573 620 629 corpore
655 530 993 630 separentur,
1035 561 1176 616 intus
1213 574 1433 615 manens
1473 559 1633 614 corde
1660 572 1765 612 non
1794 557 1850 619 Α
1873 559 2068 626 minus,
2099 563 2303 632 Accipe,
2339 564 2523 633 inquit,
2553 563 2717 634 ﬁlium
2745 571 2888 618 tuum
2909 562 3056 618 illum
3100 579 3249 637 quem
3281 568 3456 640 diligis

217 665 430 718 corpore
465 660 762 719 separatur.
798 651 856 706 Si
897 667 998 722 qua
1023 667 1080 708 es
1121 654 1295 707 anima
1334 668 1451 720 quae
1474 651 1622 719 cupis
1651 665 1771 719 pos-
1819 723 1822 726 ἢ

214 743 377 798 sidere
401 740 646 796 virtutem
669 741 941 797 cbaritatis
962 758 1078 811 qua:
1099 743 1274 797 omnia
1301 741 1507 805 tolerat,
1536 741 1776 811 relinque

215 833 476 898 mundum,
498 831 722 902 confuge
752 833 818 888 ad
841 834 1014 888 crucis
1037 832 1268 904 lignum;
1293 848 1395 886 non
1425 842 1631 886 metuas
1652 843 1776 899 pro-

214 926 363 980 cellas
388 933 440 980 et
461 925 697 980 turbines
721 924 876 994 hujus
905 918 1128 992 diluvii,
1156 940 1259 980 non
1284 925 1540 994 mergeris
1564 924 1608 978 si
1632 923 1775 993 ligno

214 1012 517 1084 portaberis.
545 1014 702 1068 Novit
724 1015 1022 1084 gubernare
1044 1015 1132 1085 qui
1155 1015 1400 1085 dignatus
1425 1023 1508 1070 est
1550 1027 1772 1069 creare:

214 1113 400 1160 tantum
423 1104 560 1160 absit
583 1105 751 1160 virtus
773 1106 1044 1162 charitatis
1058 1120 1174 1176 quae
1196 1105 1370 1160 omnia
1393 1105 1604 1170 tolerat,
1630 1103 1775 1158 nulla

132 1200 149 1214 '
213 1210 293 1252 res
315 1197 377 1250 ab
394 1209 518 1250 arce
544 1194 711 1250 solida
742 1204 793 1250 te
820 1195 1054 1265 divellat,
1083 1209 1334 1265 perinane
1359 1195 1530 1250 bonus
1555 1200 1612 1248 et
1637 1191 1773 1247 tole-
1811 1197 1813 1200 ‘

213 1299 293 1340 res
319 1285 504 1349 malos;
548 1285 738 1356 melius
767 1292 849 1341 est
887 1269 1026 1342 etiim
1057 1294 1114 1340 ut
1144 1286 1284 1341 intus
1324 1285 1528 1355 positus
1559 1291 1774 1353 propter

215 1378 372 1432 bonos
401 1377 599 1432 toleres
630 1379 817 1446 malos,
848 1394 1005 1446 quam
1035 1379 1163 1434 foris
1189 1378 1378 1434 exiens
1406 1387 1460 1433 et
1506 1390 1695 1447 pereas
1720 1383 1776 1432 et

212 1469 368 1523 honos
398 1468 670 1537 relinquas
698 1477 753 1524 et
780 1468 969 1524 malos.
1014 1469 1070 1525 Si
1099 1484 1228 1540 ergo
1252 1478 1376 1524 sunt
1413 1477 1586 1524 tecum
1624 1467 1770 1533 ferae,

214 1558 263 1616 id
293 1569 372 1615 est
399 1559 440 1614 si
492 1569 616 1614 sunt
668 1568 843 1615 tecum
890 1561 943 1616 in
984 1559 1222 1615 Ecclesia
1260 1575 1420 1629 prava
1470 1561 1766 1622 docentes,

219 1649 345 1704 falsa
371 1650 683 1718 sentientes,
717 1650 952 1706 haeretici
985 1651 1069 1706 vel
1104 1650 1460 1716 schistnatici,
1489 1659 1578 1704 aut
1609 1651 1771 1705 etiam

216 1743 308 1813 ipsi
338 1743 455 1797 mali
503 1743 787 1810 catholici,
830 1757 979 1798 more
1027 1743 1255 1799 ferarum
1283 1743 1487 1798 animas
1515 1742 1773 1797 devorare

215 1844 530 1904 quarentes,
564 1834 819 1890 toleretnr
847 1847 1012 1903 usque
1038 1834 1092 1888 in
1122 1834 1278 1889 ﬁnem
1302 1832 1483 1888 seaculi
1517 1841 1767 1902 tanquam

1881 650 2054 720 Isaae,
2085 665 2130 709 et
2151 657 2278 709 vade
2304 657 2359 709 in
2385 666 2571 711 terram
2598 660 2863 724 excelsam,
2889 670 2935 713 et
2951 660 3131 728 oﬂ‘eres
3160 677 3275 716 eum
3301 663 3455 718 holo-

1877 737 2105 800 caustum
2157 748 2207 800 in
2249 765 2406 801 unum
2447 752 2690 804 montium
2719 768 2862 820 quem
2891 754 3064 806 dixero
3112 755 3222 808 tibi.
3266 754 3450 824 Neque

1877 835 1975 892 hac
2004 825 2482 907 quidem‘jussione
2527 842 2770 897 turbatur
2815 851 2905 896 ant
2955 843 3214 913 frangitur
3261 859 3448 898 servus

1877 925 2063 982 ﬁdelis.
2101 928 2266 983 Ardest
2313 932 2452 986 enim
2493 933 2540 986 ei
2583 933 2750 987 virtus
2778 934 3054 1010 charitatis
3107 949 3225 1003 quae
3271 935 3451 990 omnia

1875 1019 2062 1074 credit.
2097 1021 2300 1090 Surgit,
2330 1024 2553 1078 domum
2585 1025 2799 1104 pergit,
2830 1025 3034 1080 asinum
3065 1027 3284 1093 stravit,
3315 1027 3454 1096 ligna

1875 1112 2139 1180 concidit,
2197 1114 2428 1182 gladium
2474 1127 2524 1171 et
2573 1118 2746 1187 ignem
2784 1120 2978 1186 sumit,
3024 1105 3245 1188 puerum
3291 1118 3449 1173 simul

1875 1202 2088 1258 adducit
2140 1212 2197 1259 et
2241 1206 2407 1274 pergit
2457 1207 2522 1261 ad
2568 1208 2761 1262 locum.
2800 1208 2948 1265 Nunc
2999 1209 3231 1264 intentus
3281 1209 3452 1264 factus

1875 1292 2020 1347 Isaac
2048 1303 2252 1364 patrem
2296 1297 2590 1368 interrogat
2618 1301 2799 1354 dicens
2824 1339 2840 1365 ,
2879 1298 3052 1364 Pater,
3084 1301 3197 1366 ait,
3228 1309 3282 1353 at
3311 1299 3404 1354 ille
3429 1340 3442 1363 ,

1879 1383 2016 1452 Quid
2045 1395 2134 1451 est,
2171 1387 2293 1454 (ili?
2334 1386 2400 1441 Et
2453 1389 2590 1442 ﬁlius
2616 1405 2629 1443 :
2655 1389 2822 1456 Ecce,
2855 1390 2970 1456 ait,
3004 1391 3136 1461 ignis
3177 1399 3224 1444 et
3263 1390 3443 1460 ligna,

1875 1477 1960 1530 ubi
1993 1487 2064 1531 est
2110 1483 2210 1532 oris
2258 1495 2408 1546 quam
2458 1480 2809 1534 immolaturus
2857 1495 2909 1534 es
2950 1468 3016 1533 ad
3066 1481 3455 1534 holocaustum?

1875 1565 1944 1619 Et
1986 1575 2138 1634 pater
2192 1568 2468 1634 respondit
2514 1589 2524 1622 :
2568 1569 2703 1624 Deus
2745 1569 3024 1641 providebit
3069 1571 3162 1623 sibi
3211 1587 3348 1624 ovem
3386 1571 3453 1623 ad

1874 1655 2205 1723 sacriﬁcium,
2252 1657 2351 1726 ﬁli.
2388 1658 2630 1730 Magnum
2683 1661 2783 1714 hoc
2824 1668 2878 1715 et
2908 1659 3111 1728 grande
3161 1659 3312 1713 video
3363 1674 3453 1712 sa-

1874 1755 2262 1802 cramentum:
2319 1748 2461 1803 aliud
2531 1750 2797 1805 Abraham
2862 1752 3022 1807 corde
3095 1753 3335 1821 gestabat
3400 1759 3454 1806 et

1874 1839 2014 1893 aliud
2062 1837 2170 1894 ﬁlio
2213 1841 2574 1907 promittebat,
2611 1841 2703 1896 sed
2733 1857 2904 1912 neque
2950 1859 3067 1912 quae
3112 1842 3456 1912 promittebat

214 1926 364 1982 ﬁnem
392 1926 600 1982 diluvii.
629 1926 862 1997 Rugiant
888 1927 1047 1995 licet,
1073 1925 1298 1983 fremant
1316 1927 1586 1992 dentibus,
1617 1937 1776 1996 atque
1804 1925 1852 1984 B
1881 1930 2047 1984 ﬁlium
2097 1931 2366 1995 fallebant,
2401 1947 2570 2002 neque
2613 1934 2786 2002 aliqua
2835 1935 3117 1990 inﬁrmitas
3143 1949 3235 1990 cor
3265 1935 3381 2004 tjus
3420 1948 3451 1986 a

207 2018 364 2086 ipsam
394 2033 578 2073 arcam
621 2017 959 2089 confringere
1001 2029 1280 2074 conentur.
1331 2017 1447 2072 Non
1493 2030 1770 2088 pavescas,

207 2111 344 2166 ﬁnito
367 2113 570 2167 diluvio
594 2112 713 2167 illos
741 2112 911 2180 rapiet
934 2111 1110 2166 inanis
1151 2122 1205 2166 et
1231 2112 1444 2180 spinosa
1495 2111 1651 2173 silva.
1695 2118 1776 2164 at-

204 2216 302 2272 que
332 2211 380 2256 te
410 2202 602 2257 fertilis
631 2200 889 2272 suscipiet
919 2211 1080 2258 terra.
1113 2203 1240 2258 Post
1269 2202 1428 2258 ﬁnem
1457 2201 1636 2257 saeculi
1669 2202 1771 2255 im-

206 2294 270 2362 pii
300 2295 573 2364 rapientur
613 2294 680 2349 ad
722 2295 953 2348 tenebras
981 2295 1254 2349 exteriores
1278 2335 1295 2360 ,
1334 2294 1403 2347 ibi
1431 2295 1524 2347 erit
1573 2307 1772 2347 unus

209 2400 274 2440 ετ
302 2401 524 2442 srmnon
554 2386 783 2440 dentiant
805 2427 820 2452 ,
854 2385 968 2454 pios
996 2385 1252 2453 suscipiet
1293 2395 1431 2439 terra
1457 2383 1770 2438 viventium.

203 2476 328 2533 Nam
363 2490 414 2534 et
439 2479 556 2548 ipse
602 2491 817 2534 sanctus
858 2478 970 2534 Noe
1008 2488 1127 2548 post
1166 2457 1328 2534 ﬁnem
1351 2477 1538 2533 diluvii
1581 2477 1774 2533 obtulit

201 2570 514 2625 sacrificium
545 2571 673 2635 Deo,
705 2570 799 2625 sed
823 2570 892 2625 de
913 2570 1230 2626 animalibus
1260 2569 1474 2626 mundis
1495 2579 1550 2626 et
1577 2586 1682 2624 non
1706 2569 1774 2624 de

203 2663 508 2721 iminundis.
539 2662 705 2740 Simul
733 2662 873 2718 enim
898 2672 953 2718 et
995 2663 1190 2719 munda
1214 2674 1266 2719 et
1297 2663 1456 2719 etiam
1499 2663 1773 2718 immunda

201 2754 442 2809 animalia
498 2757 552 2810 in
592 2770 768 2810 arcam
820 2757 1020 2811 intrare
1057 2766 1374 2826 potuerunt;
1410 2755 1505 2810 sed
1537 2756 1674 2810 mala
1706 2755 1773 2810 ad

202 2846 516 2901 sacrificium
564 2846 660 2902 Dei
701 2861 807 2903 non
833 2856 1211 2917 pervenerunt.
1247 2847 1350 2904 Sed
1377 2846 1485 2916 jam
1527 2848 1652 2902 hinc
1677 2847 1775 2902 ali-

202 2940 412 3007 quando
445 2949 781 2996 transeamus
823 2949 879 2995 ut
901 2949 1096 2996 caetera
1121 2948 1455 3010 perscrutare
1476 2940 1771 2996 valeamus.

205 3031 463 3088 Procedat
495 3033 548 3088 in
572 3033 806 3088 medium
863 3041 1080 3088 sanctus
1122 3032 1212 3086 ille
1244 3031 1506 3086 Abraham
1531 3075 1545 3100 ,
1588 3039 1644 3086 et
1677 3046 1775 3085 suo

199 3137 295 3179 nos
317 3125 506 3180 doceat
527 3125 798 3194 possidere
821 3123 1066 3192 exemplo
1094 3122 1342 3176 virtutem
1355 3121 1630 3175 charitatis
1654 3134 1775 3189 qua:

203 3217 381 3271 Omnia
412 3215 584 3272 credit
610 3235 625 3283 ;
664 3216 756 3286 qui
781 3231 886 3270 non
915 3224 998 3270 est
1026 3222 1302 3268 cunctatus
1329 3212 1394 3267 ad
1436 3227 1593 3267 unam
1620 3225 1776 3265 voca-

1882 2021 2153 2090 proposito
2181 2024 2576 2078 immolaverat.
2608 2025 2741 2091 Quid
2769 2026 2950 2094 plura?
2981 2028 3149 2096 pergit
3179 2027 3336 2093 viam,
3376 2027 3455 2080 vi-

1877 2113 1969 2167 det
2000 2113 2171 2167 locum
2201 2113 2269 2168 de
2300 2115 2456 2184 longe
2500 2123 2554 2169 et
2581 2125 2824 2170 statuens
2857 2132 3051 2185 pueros
3093 2132 3216 2173 suos
3250 2119 3342 2185 ibi,
3376 2119 3456 2173 eis

1879 2205 2004 2259 talia
2033 2206 2190 2260 verba
2221 2205 2662 2274 profert,dicens:
2699 2207 2881 2261 Sedete
2911 2209 2991 2260 hic
3021 2225 3134 2262 cum
3162 2210 3322 2274 asino,
3364 2226 3455 2280 ego

1877 2308 2044 2352 autem
2071 2309 2117 2352 et
2143 2317 2266 2370 puer
2286 2301 2467 2354 ibimus
2499 2317 2651 2370 usque
2668 2293 2812 2365 illuc,
2844 2311 3024 2355 etcum
3052 2302 3451 2370 adoraverimus,

1876 2402 2185 2446 revertemur
2211 2393 2278 2445 ad
2308 2409 2413 2446 vos.
2445 2393 2488 2448 Ο
2517 2402 2698 2447 sancte
2729 2393 3017 2458 Abraham,
3051 2393 3175 2463 quid
3208 2402 3288 2448 est
3312 2394 3453 2462 quod

1877 2483 2033 2550 dicis,
2057 2500 2174 2539 cum
2203 2484 2346 2539 aliud
2373 2486 2462 2540 tibi
2487 2487 2553 2541 de
2581 2501 2744 2557 puero
2758 2487 3044 2557 gerendum
3068 2488 3169 2542 sit?
3191 2487 3453 2555 Numquid

1878 2581 1967 2626 aut
1991 2583 2061 2640 te,
2092 2587 2180 2628 aut
2207 2583 2323 2630 tuos
2352 2577 2533 2630 fallis?
2559 2579 2695 2644 Non,
2721 2577 2909 2647 inquit,
2931 2580 3023 2632 sed
3054 2579 3191 2648 quod
3220 2579 3454 2648 prophe-

1877 2666 1983 2722 tice
2011 2668 2093 2722 vel
2119 2668 2235 2723 die»
2263 2671 2341 2724 vel
2370 2686 2494 2739 gero
2523 2671 2688 2724 virtus
2713 2670 2986 2725 charitalis
3028 2678 3111 2726 est
3141 2673 3192 2724 in
3225 2686 3308 2725 me
3335 2685 3451 2725 ma-

1876 2770 2012 2811 nens
2035 2773 2152 2828 qua:
2183 2761 2359 2812 omnia
2391 2760 2560 2813 credit
2606 2771 2660 2815 et
2691 2761 2813 2816 facit
2839 2768 2891 2815 et
2923 2759 3065 2814 dicit.
3111 2760 3280 2814 Audio
3308 2759 3451 2815 enim

1878 2863 1993 2902 eam
2024 2848 2139 2904 sine
2169 2851 2390 2918 Strepitu
2422 2852 2565 2906 vocis
2593 2853 2732 2908 intus
2764 2854 2828 2906 ad
2859 2867 2952 2906 cor
2982 2853 3282 2921 loquentem
3299 2863 3351 2907 et
3372 2852 3454 2907 di-

1877 2953 2084 2999 centem
2107 2945 2233 2999 milii
2253 2962 2266 3001 :
2288 2945 2366 2998 Tu
2394 2946 2603 3015 quidem
2633 2947 2756 3001 licet
2779 2950 3210 3001 resurrecturum
3225 2945 3452 3001 credens

1879 3036 2037 3104 pleno
2065 3046 2119 3091 et
2151 3037 2380 3105 perfecto
2413 3049 2534 3092 Vuto
2566 3053 2786 3104 puerum
2831 3037 2992 3092 ducas
3039 3036 3449 3100 immolandum,

1878 3124 2018 3179 ﬁlius
2046 3136 2166 3180 tuus
2192 3128 2246 3180 in
2274 3129 2374 3182 isto
2407 3129 2680 3182 Sacriﬁcio
2711 3145 2814 3182 non
2843 3129 3187 3194 cremabitur,
3220 3129 3344 3197 quia
3369 3141 3452 3182 re-

1879 3218 2139 3272 surrectio
2187 3219 2276 3272 Dei
2311 3218 2441 3272 Filio
2493 3229 2811 3273 reservatur.
2844 3219 3030 3273 Merito
3061 3220 3214 3286 hujus
3248 3218 3341 3270 viri
3383 3219 3449 3270 ﬁ-

198 3307 392 3361 tionem
417 3307 717 3376 relinquere
735 3305 978 3375 patriam,
1001 3303 1206 3370 sedem,
1229 3303 1465 3368 domum,
1490 3302 1768 3356 familiam.
1798 3308 1846 3370 C
1876 3309 1999 3363 dem
2048 3309 2274 3364 Iacobus
2316 3307 2586 3378 apestolus
2635 3322 3056 3362 commemorans
3087 3309 3199 3362 ait:
3229 3308 3452 3362 Credidit

193 3397 389 3454 Omnia
412 3399 788 3467 relinquuntur
805 3405 861 3452 ut
889 3396 1111 3451 Domino
1149 3396 1476 3466 praecipienti
1501 3402 1770 3466 pareatur.

196 3488 334 3554 Exi,
365 3489 538 3557 inquit
577 3488 716 3543 Deus
739 3527 756 3554 ,
798 3489 862 3542 de
890 3491 1190 3557 cognatione
1219 3497 1308 3542 tua
1345 3497 1388 3542 et
1416 3487 1478 3541 de
1505 3489 1655 3540 domo
1685 3500 1773 3539 tua

189 3588 237 3634 et
263 3585 380 3633 veni
404 3579 459 3631 in
484 3587 668 3632 terram
686 3594 1052 3649 quamcumque
1078 3581 1344 3633 ostendero
1367 3579 1473 3633 tibi.
1505 3578 1614 3634 Nec
1634 3580 1775 3646 apud

189 3684 249 3728 se
279 3670 535 3742 cogitavit
572 3673 674 3729 iste
716 3684 931 3728 sanctus
959 3683 1014 3728 et
1042 3674 1195 3741 dixit,
1229 3673 1344 3742 Quo
1371 3674 1524 3729 eam?
1571 3673 1656 3727 cui
1687 3687 1774 3728 me

190 3765 560 3822 committam?
593 3766 643 3819 in
673 3779 829 3834 quam
865 3751 1064 3819 terram.
1086 3765 1318 3818 vadam?
1361 3764 1464 3820 Sed
1500 3773 1555 3818 ut
1601 3763 1767 3828 audit,

191 3858 380 3927 surgit,
414 3855 598 3920 currit,
631 3855 878 3921 festinat,
909 3856 1206 3922 accelerat;
1233 3865 1426 3910 terram
1457 3852 1772 3923 promissam

190 3963 294 4006 non
326 3949 494 4018 videt,
524 3949 618 4005 sed
646 3947 914 4003 credendo
933 3964 1049 4003 eam
1079 3949 1299 4004 ﬁrmiter
1327 3949 1537 4004 retinet.
1570 3948 1773 4003 Ambu-

191 4040 263 4097 lat
279 4050 432 4097 recto
455 4041 672 4106 itinere,
691 4055 788 4096 nec
809 4039 1182 4095 oberrantibus
1198 4027 1435 4110 vestigiis
1455 4039 1582 4094 alibi
1609 4053 1771 4108 quam

192 4135 376 4191 debuit
409 4134 719 4200 declinavit,
749 4135 874 4203 quia
905 4133 996 4202 qui
1033 4148 1152 4188 eum
1192 4133 1258 4187 ad
1304 4132 1538 4202 ignotam
1572 4141 1766 4187 terram

191 4228 456 4292 mittebat,
488 4228 602 4296 ipse
625 4268 641 4294 ,
685 4227 921 4297 inquam,
970 4224 1060 4295 qui
1091 4225 1354 4291 mittebat,
1386 4239 1490 4279 non
1530 4224 1770 4281 dimitte-

191 4317 298 4386 bat,
326 4335 430 4373 nec
449 4334 570 4374 eum
602 4317 716 4388 ipse
746 4316 962 4372 fefellit.
985 4317 1246 4372 Redditur
1267 4331 1473 4372 merces
1499 4317 1763 4386 credenti,

189 4411 252 4467 ad
284 4420 481 4469 terram
514 4411 782 4481 pervenit,
810 4411 1082 4477 dilatatur,
1117 4409 1518 4480 multiplicatur,
1546 4426 1609 4466 ex
1641 4426 1770 4480 pau—

189 4517 314 4572 pere
338 4505 570 4560 efﬁcitur
595 4503 767 4565 dives,
795 4517 863 4557 ex
887 4501 1100 4573 ignobili
1126 4511 1334 4571 potens,
1365 4503 1562 4558 ditatur
1587 4503 1774 4572 omni:

189 4595 288 4652 bus
316 4596 472 4652 bonis
503 4603 559 4650 et
586 4593 638 4648 in
671 4595 760 4649 illo
790 4593 1045 4663 impletur
1064 4593 1205 4662 quod
1236 4594 1487 4649 Dominus
1510 4594 1562 4648 in
1591 4594 1762 4647 Evan-

1881 3397 2139 3452 Abraham
2181 3396 2289 3452 Deo
2331 3409 2376 3450 et
2423 3406 2711 3469 reputatum
2755 3408 2830 3452 est
2871 3399 2949 3451 illi
2994 3399 3063 3450 ad
3103 3398 3358 3469 justitiam
3397 3405 3453 3452 et

1877 3489 2081 3544 amicus
2141 3489 2229 3542 Dei
2257 3489 2552 3559 appellatus
2591 3497 2690 3544 est.
2725 3488 2940 3543 Amicos
2970 3499 3026 3542 ut
3050 3487 3294 3541 novimus
3321 3501 3452 3542 con-

1875 3582 2078 3652 junctio
2104 3581 2401 3636 animorum
2430 3580 2576 3634 facit.
2607 3579 2756 3636 Unde
2787 3581 3000 3648 quidam
3029 3579 3242 3648 sapiens
3289 3577 3450 3646 hujus

1878 3671 2059 3724 mundi
2102 3671 2214 3724 ait:
2271 3669 2412 3725 Velle
2441 3682 2589 3740 atque
2616 3671 2746 3724 idem
2791 3669 2926 3724 nolle
2965 3687 3023 3723 ea
3065 3655 3280 3726 demum~
3303 3671 3452 3738 ﬁrma

1876 3762 2104 3816 amicitia
2151 3771 2243 3816 est.
2287 3761 2427 3832 Ergo
2471 3765 2695 3827 amicos,
2746 3771 2801 3817 ut
2830 3764 3093 3828 novimus,
3145 3762 3452 3830 conjunctio

1878 3853 2177 3907 animorum
2208 3853 2331 3906 facit
2365 3853 2852 3921 :quetnadmodum
2892 3862 3070 3908 autem
3099 3853 3199 3907 iste
3235 3863 3450 3910 sanctus

1876 3930 2216 4013 conjunxerit
2259 3947 2494 4000 animum
2530 3945 2659 4012 Deo,
2685 3955 2740 3999 ut
2771 3946 2888 4015 ejus
2926 3946 3129 4000 amicus
3156 3947 3451 4014 appellare-

1879 4047 1964 4090 tur
2008 4036 2157 4104 juvat
2179 4051 2358 4092 nosse.
2408 4037 2553 4093 Sicut
2600 4038 2740 4092 enim
2772 4037 2911 4092 Deus
2938 4036 3093 4092 Pater
3115 4037 3274 4092 unico
3314 4036 3452 4093 Filio

1876 4144 1982 4186 non
2011 4131 2269 4201 pepercit,
2292 4130 2370 4184 sic
2390 4131 2612 4200 jubente
2642 4129 2752 4185 Deo
2794 4142 2848 4185 ut
2895 4130 3259 4184 immolaretur
3297 4130 3346 4184 ei
3385 4131 3447 4184 ﬁ-

1875 4225 1981 4282 lius
2007 4240 2163 4296 quem
2199 4224 2417 4279 dederat
2447 4223 2546 4291 illi,
2579 4223 2772 4279 devoto
2796 4225 2843 4279 is
2881 4223 3044 4278 corde
3072 4222 3263 4277 obtulit
3304 4237 3449 4278 eum.

1876 4317 1982 4373 Sed
2011 4333 2130 4387 quae
2157 4326 2447 4387 sequuntur
2481 4317 2791 4379 videamus;
2821 4315 3054 4370 delectat
3075 4315 3219 4370 enim
3249 4328 3346 4370 nos
3367 4314 3454 4370 ad-

1871 4412 2093 4480 juvante
2121 4410 2344 4464 Domino
2376 4410 2531 4474 huius
2554 4409 2787 4464 historiae
2818 4411 3024 4478 plenam
3050 4408 3199 4465 vobis
3226 4409 3454 4466 reddere

1877 4507 2171 4560 notionem.
2209 4505 2489 4573 Postquam
2521 4504 2718 4560 relictis
2747 4507 2924 4573 pueris
2959 4506 3023 4558 ad
3053 4504 3224 4559 locum
3249 4506 3456 4560 sacriﬁ-

1877 4599 1945 4654 cii
1974 4609 2124 4668 pater
2151 4613 2270 4653 cum
2302 4598 2408 4653 lilio
2436 4599 2595 4664 venit,
2625 4612 2770 4652 aram
2795 4597 3087 4661 constituit,
3121 4599 3258 4664 ligna
3305 4613 3456 4652 com-

190 4691 324 4760 gelio
353 4691 469 4746 suis
493 4688 776 4762 discipulis
804 4685 1050 4756 promisit
1077 4687 1261 4740 dicens
1287 4704 1299 4738 :
1327 4685 1386 4742 Si
1411 4688 1522 4756 quis
1553 4685 1760 4739 dimise-
1794 4687 1853 4749 D
1878 4693 2074 4765 posuit,
2108 4693 2324 4760 deponit
2351 4691 2578 4746 humana
2612 4700 2844 4760 paterna:
2872 4693 3082 4757 pietatis
3113 4690 3308 4742 indicia
3327 4709 3351 4751 ,-
3373 4690 3476 4744 iu-.

185 4783 250 4836 rit
274 4784 482 4836 domum
505 4788 596 4833 aut
626 4793 808 4850 agrum
828 4787 914 4831 aut
947 4785 1179 4847 parentes
1209 4793 1365 4830 causa
1388 4778 1608 4831 nominis
1639 4778 1761 4843 mei,

185 4872 239 4927 in
266 4876 361 4928 hac
389 4875 495 4928 vita
525 4870 821 4940 centuplum
847 4869 1063 4938 accipiet
1097 4878 1142 4922 et
1171 4871 1224 4924 in
1253 4873 1426 4940 futuro
1463 4870 1651 4924 steculo
1675 4871 1759 4924 υἰο

185 4974 286 5018 tam
333 4972 670 5034 consequetur
716 4971 980 5016 wternam.
1024 4961 1334 5016 Cumulatur
1379 4960 1554 5016 adhuc
1598 4959 1759 5030 hujus

185 5058 304 5115 ﬁdei
336 5072 550 5114 merces
575 5099 591 5127 ,
623 5063 700 5116 et,
727 5055 844 5110 seni
898 5052 1223 5123 promittitur
1275 5053 1435 5108 ﬁlius.
1468 5052 1634 5108 Adest
1682 5052 1760 5108 illi

185 5151 354 5206 virtus
384 5149 666 5206 cbaritatis
713 5161 830 5216 qua:
860 5146 1036 5200 omnia
1076 5145 1274 5210 credit;
1301 5144 1483 5211 audit,
1515 5145 1754 5211 exultat,

187 5243 418 5312 amplius
445 5227 663 5311 diligit,
697 5237 922 5308 suscipit
965 5237 1131 5293 lilium
1173 5237 1241 5294 de
1276 5237 1500 5310 conjuge
1542 5237 1713 5293 sterili
1744 5279 1762 5303 ,

183 5349 340 5405 quam
370 5350 468 5405 spe
498 5331 736 5404 pariendi
763 5332 1068 5388 destitutam
1099 5331 1354 5388 sterilitas
1385 5341 1618 5402 aetasque
1644 5332 1757 5402 jam
1812 5385 1820 5390 .

183 5427 405 5496 fecerat,
433 5428 669 5499 atquein
695 5428 786 5482 illo
813 5427 1236 5489 benedictionem
1263 5426 1497 5482 omnium
1519 5427 1759 5496 gentium

183 5522 503 5589 promissam
532 5518 835 5574 ﬁrmissime
855 5526 1020 5584 tenet;
1045 5517 1140 5573 sed
1168 5517 1343 5574 adhuc
1371 5533 1492 5573 eum
1523 5518 1761 5572 charitas

186 5614 380 5682 probat
410 5612 800 5683 probatumque
842 5611 1185 5690 commendat
1212 5620 1267 5666 et
1305 5609 1758 5682 quemadmodum

183 5703 310 5759 nihil
365 5705 477 5760 Deo
520 5703 771 5776 praeferat
815 5705 1077 5773 posterius
1112 5714 1392 5760 monetrat.
1443 5703 1607 5759 Vocat
1633 5719 1757 5758 eum

183 5794 439 5851 Dominus
468 5796 534 5852 de
555 5796 694 5854 cmlo
719 5796 906 5852 dicens
933 5812 951 5852 :
975 5779 1254 5866 Abraham,
1277 5797 1563 5864 Abraham,
1587 5805 1640 5849 et
1668 5795 1760 5851 ille

183 5897 436 5960 tanquam
467 5903 654 5946 servus
696 5887 950 5944 obedieus
970 5929 987 5956 ,
1016 5888 1148 5947 Ecce
1176 5894 1359 5951 adsum
1380 5933 1395 5962 ,
1429 5891 1534 5960 ait,
1566 5897 1622 5947 et
1651 5889 1756 5944 Do-
1785 5965 1796 5970 _

543 6008 815 6071 Pauca.
862 6004 1112 6070 XLV“.
1677 6029 1716 6096 λ

1877 4784 2055 4840 duitur
2083 4782 2374 4838 sacerdotis
2416 4783 2605 4835 devota
2638 4781 2956 4843 constantia,
3001 4780 3178 4833 educit
3217 4780 3454 4848 gladium

1875 4885 1932 4930 ut
1965 4875 2192 4944 perimat
2220 4872 2405 4948 ﬁlium.
2431 4871 2568 4940 Quid
2611 4855 2762 4925 vobis
2785 4859 3021 4934 videtur,
3054 4870 3282 4926 fratres?
3307 4871 3452 4927 Nihil

1873 4969 1962 5024 hic
1985 4969 2245 5023 sentimus
2278 4968 2566 5020 humanum
2593 4982 2606 5018 :
2643 4979 2750 5020 imo
2780 4972 2950 5020 totum
2980 4966 3352 5034 cognoscimus
3372 4965 3455 5020 di-

1872 5058 2093 5123 vinum;
2123 5057 2218 5112 sed
2260 5066 2314 5112 et
2347 5056 2438 5111 ille
2465 5057 2606 5112 ﬁlius
2633 5056 2724 5126 qui
2752 5057 2907 5124 paulo
2942 5063 3067 5110 ante
3091 5069 3245 5110 ovem
3278 5060 3458 5127 requi-

1870 5149 2042 5214 rebat,
2075 5151 2173 5203 sub
2204 5148 2403 5218 ingenti
2441 5147 2652 5202 silentio
2707 5146 2829 5200 talia
2860 5147 2913 5200 in
2941 5160 3002 5201 se
3023 5146 3138 5201 ﬁeri
3167 5145 3455 5216 sentiebat,

1871 5251 1927 5297 et
1947 5241 2017 5295 ita
2047 5241 2253 5308 patiens
2290 5239 2576 5303 invenitur,
2608 5249 2856 5310 tanquam
2884 5237 2991 5308 jam
3037 5237 3125 5294 ille
3150 5247 3314 5306 esset,
3364 5237 3454 5306 qui

1868 5333 2009 5388 sicut
2034 5332 2148 5386 ovis
2188 5331 2252 5387 ad
2295 5331 2674 5387 immolandum
2722 5331 2916 5387 ductus
2957 5340 3074 5397 est;
3106 5342 3160 5385 et
3201 5340 3452 5399 tanquam

1871 5437 2039 5493 agnus
2064 5437 2246 5478 coram
2289 5423 2542 5479 tondente
2571 5438 2630 5479 se
2662 5423 2779 5479 sine
2816 5438 2966 5488 voce,
3000 5425 3078 5478 sic
3101 5436 3205 5476 non
3247 5421 3456 5490 aperuit

1875 5531 1938 5572 os
1965 5532 2141 5572 suum.
2172 5517 2216 5572 0
2248 5527 2301 5570 et
2330 5525 2406 5583 tu,
2458 5525 2642 5571 sancte
2673 5517 2839 5583 Isaac,
2871 5517 3044 5570 indica
3076 5514 3228 5570 nobis
3253 5513 3456 5569 silentii

1876 5608 2034 5679 hujus
2060 5617 2166 5663 tam
2213 5609 2414 5679 grande
2452 5617 2737 5664 secretum.
2786 5609 3117 5663 Paulo.ante
3154 5606 3286 5659 nihil
3317 5605 3372 5659 in
3405 5614 3458 5660 te

1877 5701 1996 5757 ﬁeri
2025 5703 2314 5771 sentiebas,
2355 5711 2410 5756 et
2435 5717 2465 5755 a
2497 5712 2645 5770 patre
2689 5701 2910 5754 arietem
2942 5697 3278 5767 requirebas;
3313 5711 3456 5755 nunc

1875 5805 2051 5853 autem
2103 5795 2346 5851 manibus
2400 5795 2603 5865 ligaris,
2657 5795 2708 5847 in
2758 5807 2905 5846 aram
2956 5791 3266 5860 imponeris.
3309 5790 3454 5861 ligno

1877 5889 2268 5963 quodammodo
2295 5880 2638 5960 suspenderis
2671 5893 2723 5941 et
2749 5885 2910 5941 modo
2939 5884 3119 5940 taces?
3148 5883 3348 5947 Taceo,
3375 5884 3426 5937 in

2899 5998 2976 6056 36
