4018 6496
545 395 680 458 “Si

1429 396 1989 470 sueptsnwruu
2025 395 2118 454 sn
2151 396 2384 470 ornas
2420 397 2480 468 δ.
2520 395 2904 472 Αυαυετιωξ

3676 403 3790 457 11ὃὲ

546 517 680 584 quit.
716 513 813 572 Dic
840 529 1035 592 quare,
1080 512 1305 576 obsecro
1348 517 1671 578 noverimus.
1723 514 1892 578 Vultis
1937 526 2113 579 nosse,
2146 515 2202 594 Α
2222 510 2334 578 cit:
2363 511 2527 565 Credo
2549 512 2719 567 videre
2747 513 2878 566 bona
2910 512 3118 567 Domini
3139 514 3195 568 in
3215 522 3357 568 terra
3395 511 3688 570 visentium.
3716 517 3788 572 Ul-

547 605 640 668 ait,
675 619 836 672 quare
864 603 1022 658 modo
1052 605 1238 660 taceo?
1267 603 1396 672 Quia
1429 604 1647 672 ﬁgurant
1680 603 1820 657 illius
1845 611 1996 670 gesto
2024 600 2115 671 qui

548 695 820 748 voluntate
845 695 990 760 ponit
1032 695 1262 760 animam
1304 710 1477 762 suam,
1530 710 1632 748 non
1679 692 2012 747 necessitate.
2059 691 2115 745 In

545 782 657 838 hoc
704 793 808 838 tam
865 785 1049 855 grandi
1106 794 1161 856 et
1218 787 1445 858 mystico
1497 793 1834 841 sacramento
1895 783 2016 838 ﬁdei
2065 791 2121 836 et

545 875 812 942 Abraham
859 887 1076 932 sanctus
1120 879 1367 948 apparuit
1428 879 1703 946 probatus,
1762 886 1815 930 et
1875 875 2016 928 ﬁlius
2066 876 2120 928 in

544 968 799 1035 praesenti
846 977 924 1024 est
970 968 1244 1040 liberatus.
1275 969 1328 1024 Si
1373 984 1476 1039 qua
1503 984 1562 1042 es
1605 970 1780 1023 anima
1811 983 1929 1040 qua:
1971 966 2122 1036 cupis

543 1058 695 1128 sequi
741 1058 959 1130 vestigia
992 1059 1114 1114 ﬁdei
1164 1062 1324 1130 patris
1372 1061 1538 1134 nostri
1581 1059 1868 1122 Abraham,
1920 1057 2005 1112 exi
2053 1057 2122 1110 de

542 1153 685 1202 terra
717 1159 799 1204 tua
827 1159 880 1203 et
907 1152 1222 1228 cognatione
1252 1161 1337 1205 tua
1368 1171 1379 1204 :
1413 1153 1650 1222 relinque
1679 1151 1925 1220 populum
1951 1157 2116 1213 tuum,

544 1245 600 1291 et
647 1239 860 1294 domum
906 1243 1068 1311 patris
1099 1244 1195 1311 tui,
1225 1243 1274 1297 id
1331 1252 1413 1298 est
1461 1242 1689 1310 ﬁdeliter
1733 1240 1978 1296 renuntia
2011 1238 2121 1293 dia-

547 1329 697 1396 bolo,
727 1333 933 1414 pompis
970 1335 1087 1412 ejus
1113 1344 1166 1391 et
1195 1337 1397 1406 angelis
1427 1337 1563 1404 ejus,
1611 1343 1665 1402 et
1713 1349 1938 1405 sequere
1982 1333 2120 1389 viam

547 1429 748 1492 rectam
778 1439 898 1493 quae
923 1434 974 1486 te
1005 1425 1256 1494 perducat
1284 1426 1348 1480 ad
1381 1435 1575 1480 terram
1607 1426 1663 1479 in
1686 1440 1787 1495 qua
1811 1424 2043 1492 ditescas
2069 1432 2124 1478 et

547 1514 785 1580 emineas
814 1525 865 1571 et
911 1516 1159 1584 efﬁciatis
1203 1518 1380 1574 socius
1421 1517 1671 1574 Abrahae.
1720 1516 1825 1572 Sed
1870 1531 1991 1571 cum
2022 1515 2121 1569 ista

542 1605 721 1659 omnia
769 1607 974 1680 feceris,
1006 1608 1052 1680 si
1093 1609 1260 1674 virtus
1289 1608 1568 1670 charitatis
1596 1625 1716 1680 qua:
1742 1609 1921 1664 omnia
1953 1605 2125 1674 credit

544 1705 626 1750 est
649 1695 703 1749 itt
726 1706 798 1766 te,
823 1697 996 1760 adhuc
1019 1699 1241 1772 tentabit
1266 1711 1316 1756 te
1343 1709 1397 1756 et
1426 1701 1704 1774 probatum
1744 1697 2022 1772 coronabit
2049 1706 2120 1762 te,

541 1789 743 1860 expetit
768 1802 797 1842 a
829 1796 880 1843 te
903 1790 1223 1848 sacriﬁcium
1250 1791 1430 1846 dilecti
1464 1793 1558 1848 tui.
1589 1791 1728 1857 Quid
1756 1807 1783 1844 a
1809 1799 1860 1844 te
1889 1788 2124 1866 expetit?

2225 604 2351 656 tima
2379 603 2545 657 virtus
2572 604 2847 657 charitatis
2891 611 3061 658 restat
3088 620 3205 674 qua
3246 606 3435 662 omnia
3469 607 3721 670 sustinet,
3750 617 3796 663 et

2223 707 2492 766 nunquam
2522 695 2680 747 cadit.
2713 694 2860 760 lianc
2885 692 2985 764 ipsi
3013 695 3174 762 capiti
3201 704 3391 750 nostro
3425 695 3655 762 Domino
3685 683 3795 753 Jesu

2224 781 2436 838 Christo
2465 785 2748 839 convenire
2800 785 3064 854 novimus,
3092 794 3146 839 et
3193 786 3314 854 ideo
3352 786 3410 839 in
3442 786 3639 856 ultimo
3660 790 3797 856 poni-

2227 881 2332 941 tur,
2365 877 2602 944 quoniam
2631 875 2748 948 ﬁnis
2780 875 2905 944 legis
2950 883 3024 952 est
3066 874 3323 944 Christus.
3376 875 3595 943 Quanta
3640 886 3800 931 autem

2224 979 2339 1035 Ipse
2370 982 2463 1035 pro
2518 953 2670 1022 nobis
2727 965 2978 1036 sustinuit
3031 976 3157 1036 puto
3197 967 3529 1038 charitatettt
3581 979 3798 1023 vestram

2223 1055 2469 1128 ignorare
2501 1073 2606 1112 non
2638 1072 2815 1136 posse.
2846 1057 3048 1120 Tamen
3078 1058 3273 1114 exinde
3301 1059 3512 1127 aliquid
3546 1060 3743 1127 dicam,
3764 1062 3799 1116 si

2227 1163 2405 1226 tamen
2434 1151 2501 1208 de
2529 1137 2672 1205 tanto
2692 1150 2890 1222 aliquid
2915 1149 3074 1220 digne
3097 1151 3292 1206 dicam.
3324 1151 3486 1214 Prius
3515 1150 3652 1205 illud
3676 1155 3801 1239 quod

2230 1245 2368 1300 Deus
2399 1243 2580 1314 homo,
2629 1241 2772 1314 quod
2826 1239 3060 1297 Verbum
3093 1256 3218 1312 caro
3270 1241 3473 1312 factum
3522 1251 3631 1318 est,
3677 1243 3802 1311 quod

2227 1339 2392 1394 multa
2422 1336 2560 1406 bona
2590 1333 2736 1406 fecit,
2768 1343 2824 1391 et
2868 1335 3004 1388 mala
3036 1349 3323 1420 perpessus
3348 1344 3458 1400 est,
3494 1335 3644 1404 quod
3675 1351 3802 1389 mor-

2227 1437 2350 1492 tuos
2375 1428 2671 1498 suscitavit,
2704 1435 2759 1482 et
2806 1435 3048 1498 mortuus
3077 1437 3188 1490 est;
3231 1426 3374 1506 quod
3425 1427 3692 1498 singulari
3732 1428 3802 1482 illa

2227 1522 2481 1593 patientia
2512 1521 2732 1591 pertulit
2765 1520 3082 1576 tliabolicum
3115 1529 3462 1590 tentatorem,
3495 1521 3801 1592 discipulus

2229 1614 2564 1677 traditoretn,
2597 1614 2738 1686 quod
2789 1613 2961 1684 ipsum
3009 1614 3197 1680 ludam
3241 1612 3567 1690 priusquam
3598 1615 3803 1669 tradito-

2227 1722 2342 1776 rem
2374 1708 2591 1778 pertulit
2619 1705 2811 1782 furem,
2843 1719 2898 1778 et
2937 1717 3067 1776 ante
3115 1709 3552 1780 experimentum
3588 1709 3798 1764 vinculo-

2228 1817 2370 1868 rum,
2399 1802 2595 1872 crucis,
2625 1816 2687 1870 ac
2731 1801 2936 1868 mortis,
2969 1801 3123 1862 labiis
3143 1803 3260 1872 ejus
3289 1802 3500 1857 dolosis
3531 1817 3639 1856 non
3663 1818 3802 1874 nega-

545 1877 696 1980 ςξξιοά
727 1877 994 1950 Abraham
1128 1884 1328 1980 ξῘῙςωῐη
1359 1893 1441 1939 εει
1469 1904 1480 1938 ε
1516 1885 1588 1939 Da
1621 1882 1751 1955 mihi
1794 1882 2121 1980 υιξὶεθξξίιυηι
2150 1893 2202 1956 Β
2227 1895 2300 1948 vit
2329 1893 2568 1960 osculum
2601 1893 2765 1974 pacis.
2817 1893 2870 1946 In
2902 1893 3012 1962 ipsa
3039 1903 3214 1960 autem
3247 1903 3428 1962 morte
3467 1904 3672 1980 quanta
3695 1909 3796 1950 sus-

539 1969 788 2034 dilectum
822 1981 991 2030 tuum.
1024 1974 1142 2048 Tibi
1169 1975 1298 2032 dicit
1322 1977 1604 2047 sapientia,
1636 1977 1708 2030 Da
1737 1974 1888 2043 mihi,
1913 1973 2008 2040 ﬁli,
2028 1987 2121 2026 cor

540 2070 707 2128 tuum,
755 2064 868 2133 ipse
909 2074 992 2120 est
1031 2066 1260 2123 dilectus
1287 2071 1510 2136 unicus;
1535 2068 1661 2138 quid
1705 2068 1898 2134 metuis
1925 2065 2119 2119 offerre

536 2163 630 2204 cor
658 2153 1019 2232 tuum‘iOB‘er
1048 2157 1366 2218 sacrificium
1396 2158 1769 2212 contritionetn
1810 2157 1987 2212 cordis
2015 2157 2116 2209 Do-

537 2243 685 2296 mino
713 2244 822 2298 Deo
852 2255 962 2314 tuo,
1008 2257 1063 2308 et
1087 2249 1170 2306 dic
1201 2265 1318 2304 cum
1364 2253 1640 2320 propheta,
1664 2248 1994 2303 Hotocausu‘s
2016 2263 2115 2301 non

536 2331 882 2397 delectaberis,
937 2334 1265 2404 Sacri/icium
1315 2337 1422 2392 Deo
1463 2339 1674 2407 spiritus
1725 2333 2128 2401 contribulatus,’

537 2437 620 2475 cor
645 2427 913 2482 contritum
936 2435 983 2481 et
1007 2429 1347 2498 humiliatum,
1377 2429 1535 2497 Deus,
1559 2447 1660 2484 non
1687 2431 1949 2501 despicies.
1974 2427 2115 2483 Nihil

533 2524 740 2570 metuas
765 2517 853 2572 tali
877 2518 1142 2577 sacriﬁcio
1174 2521 1375 2590 oblato,
1407 2532 1461 2578 et
1489 2521 1580 2576 tibi
1610 2530 1885 2591 acceptum
1913 2522 2037 2584 erit,
2062 2531 2112 2575 et

535 2607 674 2674 quod
705 2607 961 2682 obtuleris
989 2611 1254 2684 integrum
1287 2613 1638 2683 permanebit.
1668 2614 1839 2667 Aliam
1860 2614 2110 2666 virtutem

533 2696 807 2768 charitatis
835 2714 952 2770 qum
981 2703 1157 2758 omnia
1187 2715 1404 2773 superat
1433 2705 1606 2774 placet
1635 2719 1776 2760 nunc
1822 2707 2108 2775 inspicere,

533 2802 687 2856 quam
719 2793 965 2860 superius
998 2793 1133 2872 plebi
1189 2795 1351 2852 Israel
1381 2806 1436 2852 et
1480 2798 1721 2868 patribus
1771 2799 1971 2852 nostris
2019 2811 2104 2852 as-

534 2881 772 2950 signasse
802 2885 1190 2954 cognoscimus.
1225 2886 1353 2956 Ejus
1400 2903 1627 2958 namque
1655 2888 1872 2943 virtutis
1903 2903 2002 2942 vox
2027 2895 2110 2941 est

534 2976 583 3030 in
615 2993 771 3033 versu
797 2979 888 3033 illo
919 2981 1228 3052 prophetico
1253 3000 1266 3035 :
1300 2981 1364 3036 In
1395 2992 1442 3036 te
1462 2991 1791 3052 speraverant
1821 2991 1990 3052 patres
2013 2998 2109 3034 no-

533 3070 646 3135 stri,
687 3082 1012 3140 speraverant
1056 3083 1103 3127 et
1140 3075 1366 3129 liberasti
1405 3093 1507 3131 eos.
1541 3077 1604 3129 Et
1633 3076 1731 3146 ipsi
1763 3091 1832 3130 ex
1881 3073 2108 3146 Egypm

533 3158 714 3232 lugere
738 3162 1012 3232 jubentur,
1043 3174 1180 3219 terra
1213 3168 1292 3220 eis
1321 3167 1402 3220 lac
1431 3177 1484 3221 et
1512 3167 1615 3221 mel
1639 3167 1809 3222 ﬂuens
1845 3147 2108 3235 promitti-

2225 1986 2415 2041 tinuit?
2446 1986 2666 2041 Pertulit
2691 1985 2933 2056 odiorum
2966 1985 3227 2051 ﬂammas,
3280 1987 3568 2043 ministras
3599 1989 3797 2062 pessimi

2221 2077 2400 2132 cordis
2435 2077 2664 2146 linguas.
2691 2074 3074 2148 clamaverunt
3112 2077 3306 2146 Judaei,
3333 2077 3619 2150 Cruciﬁge,
3645 2082 3796 2136 Crud-

2223 2168 2341 2245 ﬁge,
2367 2178 2423 2224 et
2451 2177 2509 2238 ttt
2539 2170 2616 2230 rei
2657 2177 2938 2245 manerent
2965 2168 3157 2240 iudici,
3189 2169 3454 2240 innocens
3481 2171 3555 2225 ab
3588 2173 3666 2228 eis
3691 2188 3797 2230 cru-

2219 2261 2408 2321 cifixus
2434 2270 2517 2315 est
2545 2259 2710 2322 Filius
2747 2261 2873 2334 Dei;
2901 2260 2967 2332 ad
3014 2275 3228 2333 crucem
3261 2261 3508 2329 ducitur,
3541 2264 3795 2333 expalmac

2217 2358 2307 2404 tur
2353 2351 2443 2428 qui
2491 2357 2575 2406 est
2619 2351 2794 2428 palma
2843 2350 3102 2420 victoriae,
3155 2350 3328 2420 spinis
3389 2364 3680 2424 coronatur
3713 2354 3791 2424 qui

2215 2441 2398 2510 spinas
2429 2451 2766 2524 peccatorum
2815 2451 3115 2512 nostrorum
3144 2441 3294 2510 venit
3336 2441 3706 2516 confringere;
3738 2447 3788 2500 li-

2214 2542 2368 2601 gatur
2393 2533 2481 2602 qui
2514 2533 2671 2596 solvit
2711 2533 3079 2614 compeditos;
3138 2532 3280 2614 ligno
3326 2534 3674 2604 suspenditur
3704 2537 3785 2608 qui

2212 2625 2369 2698 erigit
2395 2624 2588 2696 elisos;
2621 2635 2771 2682 aceto
2801 2633 3009 2694 potatur
3038 2621 3158 2676 fons
3199 2623 3342 2689 vita,
3391 2626 3663 2693 disciplina
3688 2641 3782 2682 ce-

2213 2712 2376 2778 ditur,
2418 2713 2560 2784 salus
2588 2713 2916 2780 vulneratur,
2968 2713 3074 2784 vita
3124 2715 3386 2783 moritur,
3434 2717 3694 2772 occiditur
3723 2717 3780 2772 ad

2215 2789 2421 2872 tempus
2447 2805 2552 2870 vita
2583 2819 2613 2878 a
2645 2815 2835 2872 morte,
2866 2814 2922 2874 ut
2971 2805 3021 2858 in
3055 2815 3314 2876 perpetuo
3363 2821 3400 2880 ap
3427 2811 3539 2862 vita
3583 2808 3776 2864 occida-

2212 2906 2299 2952 tur
2337 2911 2501 2952 mors.
2535 2897 2671 2962 Quid
2720 2897 2805 2951 hic
2855 2896 3025 2952 Judaei
3087 2899 3138 2972 i_u
3167 2889 3285 2952 hac
3330 2907 3510 2953 morte
3560 2900 3780 2955 Christi!

2212 2987 2593 3045 Exultaverunt
2619 2991 2770 3059 quasi
2798 2992 3050 3060 victores,
3082 3001 3135 3046 et
3163 2991 3290 3064 dum
3323 3002 3605 3048 terrenum
3630 3005 3678 3048 et
3702 3007 3778 3048 ca-

2209 3079 2404 3155 ducum
2457 3097 2676 3154 regnum
2733 3081 3028 3154 timuerunt
3075 3082 3320 3153 perdere,
3352 3099 3542 3154 regem
3582 3085 3698 3140 cali
3731 3094 3775 3140 et

2210 3181 2365 3242 terra;
2417 3188 2521 3228 non
2550 3173 2926 3230 dubitaverunt
2953 3174 3217 3229 occidere.
3249 3175 3357 3230 Sed
3409 3167 3508 3230 nec
3536 3176 3670 3231 sicut
3695 3192 3774 3248 pu-

533 3263 638 3324 tut',
676 3269 768 3326 per
800 3271 946 3312 mare
977 3256 1212 3312 Rubrum
1264 3269 1558 3324 transeunt,
1605 3259 1670 3314 ad
1701 3260 1974 3328 heremum
2013 3273 2104 3314 ve-
2133 3257 2182 3325 (Ξ
2211 3273 2496 3335 taverunt,
2551 3267 2784 3320 victores
2835 3270 3176 3334 exstiterunt.
3225 3268 3282 3322 Si
3330 3267 3480 3322 enim
3536 3275 3777 3336 Vicerunt,

534 3347 709 3416 niunt,
741 3349 969 3404 ducebat
992 3364 1084 3404 eos
1115 3365 1237 3418 spes
1265 3351 1538 3406 charitatis
1570 3359 1623 3405 ut
1652 3351 1922 3406 discerent
1944 3351 2109 3406 Deum

533 3453 714 3506 amare
763 3441 945 3512 gratis.
982 3439 1239 3496 Redditur
1269 3440 1351 3496 his
1399 3456 1607 3508 merces
1643 3441 1801 3509 ﬁdei;
1834 3457 1937 3496 non
1967 3442 2109 3496 enim

447 3566 450 3568 τ
533 3547 710 3608 potest
754 3552 860 3592 non
906 3538 1131 3608 reddere
1159 3539 1246 3608 qui
1300 3554 1358 3593 se
1389 3539 1638 3610 dignatur
1683 3536 1863 3592 facere
1905 3535 2112 3590 debito-

533 3635 828 3696 rettt.-l"ost
869 3633 1141 3692 heremum
1169 3631 1322 3686 mella
1353 3648 1384 3706 εξ
1415 3641 1559 3702 petra
1589 3631 1887 3696 ﬂuxerunt;
1918 3645 2109 3699 panem

535 3726 656 3788 ntali
701 3724 1190 3790 manducaverunt;
1243 3740 1346 3779 non
1397 3732 1522 3780 sunt
1550 3723 1739 3792 privati
1771 3739 1798 3776 a
1841 3723 2112 3778 desiderio

534 3831 633 3874 suo
653 3815 792 3886 quod
831 3824 1198 3884 Speraverunt,
1229 3823 1422 3870 terram
1453 3815 1613 3869 etiam
1639 3813 2005 3883 promissionis
2025 3827 2112 3866 ac-

535 3915 812 3976 ceperunt.
845 3906 1079 3977 Exurgat
1109 3905 1282 3961 anima
1332 3920 1450 3974 qua:
1481 3904 1636 3975 hujus
1679 3904 1954 3960 charitatis
1997 3905 2110 3958 vir-

533 4010 648 4064 tute
675 3999 1062 4070 comprehensa
1106 4007 1227 4056 est:
1265 3998 1484 4071 effugiat
1521 4013 1586 4052 ex
1634 3997 1886 4068 Egypto,
1937 3997 1986 4050 id
2031 4005 2111 4060 est

536 4108 600 4148 ex
629 4092 787 4160 hujus
812 4091 993 4148 θεουιί
1041 4089 1324 4154 desiderio,
1358 4097 1542 4168 pergat
1578 4087 1643 4142 ad
1674 4103 1819 4144 mare
1848 4086 2110 4170 Rubrum,

535 4185 740 4242 scilicet
765 4184 959 4246 Christi
999 4185 1356 4256 baptismum;
1391 4183 1512 4238 ideo
1545 4181 1762 4236 rubrum
1793 4179 1917 4250 quia
1958 4178 2112 4254 Chri-

535 4281 602 4336 sti
629 4281 884 4349 sanguine
908 4289 1184 4348 purgatum
1205 4315 1218 4331 .
1249 4276 1644 4346 Persequantur
1668 4275 1868 4334 hostes,
1894 4281 2111 4360 peccata

536 4374 742 4436 scilicet
772 4387 890 4428 cum
915 4384 1015 4426 suo
1044 4379 1260 4426 auctore
1291 4369 1522 4442 diabolo,
1554 4377 1802 4438 tanquam
1829 4381 1893 4420 ex
1940 4365 2110 4436 {Egy—

536 4473 630 4534 pto
650 4478 770 4526 cum
801 4477 898 4517 suo
938 4477 1061 4530 rege
1101 4460 1380 4518 Pharaone
1408 4461 1654 4524 saeviant,
1701 4468 1992 4528 sequantur
2035 4459 2113 4512 tu-

535 4558 760 4632 gientes,
790 4553 915 4623 quid
948 4551 1172 4607 metuis?
1205 4549 1385 4619 Usque
1413 4549 1478 4602 ad
1525 4563 1715 4618 aquam
1746 4556 2000 4614 szevtent;
2032 4549 2113 4602 in-

2215 3373 2437 3431 regnutn
2458 3357 2724 3430 quomodo
2746 3357 3126 3430 perdiderunt?
3147 3357 3434 3425 Quomodo
3461 3373 3606 3413 nunc
3631 3373 3780 3430 usque

2214 3449 2355 3504 serti
2388 3437 2792 3504 remanserunt?
2821 3448 2923 3520 Ista
2951 3433 3181 3522 namque
3209 3464 3372 3503 causa
3403 3459 3486 3504 est
3518 3465 3622 3521 qua
3644 3450 3781 3506 Chri-

2215 3553 2328 3596 stus
2364 3543 2430 3597 ab
2480 3544 2557 3598 eis
2590 3546 2796 3610 occisus
2825 3550 2927 3598 est.
2981 3543 3240 3597 Dixerunt
3281 3558 3517 3613 namque
3556 3545 3690 3617 apud
3728 3557 3781 3618 ss

2216 3635 2482 3704 principes
2509 3635 2837 3702 Iudaeorum,
2873 3644 2926 3688 ιιι
2953 3633 3279 3704 evangelista
3308 3649 3496 3688 narrat
3524 3652 3541 3691 :
3583 3633 3776 3704 Videtis,

2217 3719 2476 3795 inquiunt,
2513 3727 2631 3792 quia
2654 3736 2788 3779 totus
2813 3723 3034 3778 mundus
3057 3734 3169 3794 post
3191 3741 3308 3777 eum
3330 3726 3491 3790 abiit;
3513 3727 3559 3779 si
3590 3715 3776 3778 diutiscé

2211 3817 2374 3870 rimus
2404 3832 2518 3870 eum
2549 3818 2728 3882 rit-ere,
2761 3819 2956 3888 uenient
2978 3817 3199 3870 Romani
3219 3827 3267 3870 et
3289 3817 3472 3871 tollent
3493 3820 3634 3871 nobis
3652 3830 3694 3872 et
3712 3819 3780 3871 ιο-

2215 3923 2329 3960 cum
2360 3919 2406 3976 et
2439 3924 2683 3980 regnum;
2717 3907 3056 3963 etChriStum
3087 3909 3422 3974 occiderunt,
3454 3919 3508 3963 et
3542 3909 3706 3964 locum
3732 3919 3781 3964 et

2214 4021 2434 4078 regnum
2465 4005 2823 4080 perdiderunt.
2856 4005 2992 4074 Quid
3019 4006 3169 4059 vobis
3197 4005 3418 4074 profuit,
3448 4020 3482 4060 ο
3508 4005 3676 4061 insani
3697 4004 3783 4059 Ju-

2212 4097 2335 4165 daei,
2360 4098 2500 4170 quod
2528 4106 2731 4170 tantum
2759 4097 2934 4169 scelus
2962 4097 3341 4151 commisistis?
3381 4096 3649 4167 Numquid
3671 4096 3782 4168 quia

2211 4188 2424 4245 Christo
2450 4189 2696 4266 Domino,
2743 4196 2802 4256 ut
2844 4188 3039 4260 decuit,
3095 4189 3299 4243 servire
3335 4188 3630 4252 noluistis,
3673 4186 3782 4240 facti

2212 4279 2340 4334 esus
2371 4279 2493 4332 mali
2540 4279 2677 4332 servi
2736 4278 2998 4350 bonorum
3049 4292 3328 4333 servorum
3386 4277 3588 4332 Christi
3617 4277 3642 4329 ?
3688 4277 3781 4331 Per

2213 4371 2358 4439 ipsos
2388 4369 2615 4425 conterit
2644 4369 3031 4424 contumaciam
3054 4381 3309 4435 vestram,
3342 4384 3440 4436 per
3466 4369 3613 4438 ipsos
3637 4367 3785 4423 dimi-

2216 4471 2306 4530 put
2335 4461 2557 4524 consilia
2608 4470 2806 4531 vestra,
2840 4475 2936 4531 per
2965 4462 3108 4530 ipsos
3138 4461 3324 4515 tribuit
3374 4461 3584 4515 scelera
3616 4461 3666 4514 in
3702 4473 3782 4513 ca-

2220 4553 2327 4622 pita
2373 4560 2566 4608 vestra.
2603 4552 2718 4624 ipse
2765 4538 2941 4606 autem
2985 4551 3240 4607 Dominus
3269 4566 3430 4623 quem
3475 4566 3573 4606 vos
3601 4555 3785 4606 intere-

535 4629 793 4722 gredieris
835 4655 912 4709 tu,
946 4643 1306 4716 ingredientur
1335 4642 1491 4698 etilli
1541 4654 1662 4712 post
1695 4652 1780 4706 te,
1827 4642 1921 4698 sed
1972 4657 2108 4712 aqua
2140 4629 2392 4710 Dmistis
2439 4660 2545 4699 non
2588 4658 2684 4699 vos
2733 4658 2939 4709 servos,
2986 4643 3077 4697 sed
3132 4642 3329 4696 liberos
3376 4656 3499 4696 esse
3549 4641 3784 4712 cupiebat

536 4753 680 4798 retro
705 4751 959 4794 conversa
992 4735 1098 4790 illis
1142 4735 1249 4788 erit
1276 4735 1327 4788 in
1378 4733 1685 4803 perniciem,
1733 4733 1826 4788 tibi
1859 4734 2106 4802 proﬁciet

537 4834 604 4890 ad
647 4835 894 4890 salutem.
938 4829 1061 4886 lllos
1089 4829 1300 4893 obruet,
1337 4836 1387 4882 te
1415 4827 1613 4892 abluet,
1648 4828 1767 4882 illos
1807 4826 2102 4894 damnabit,

539 4935 590 4984 te
614 4923 875 4982 liberabit.
930 4921 1055 4978 Post
1085 4920 1184 4975 hoc
1205 4919 1461 4987 suscipies
1494 4919 1595 4974 mel
1626 4918 1692 4973 de
1724 4931 1869 4988 petra
1900 4934 2006 4988 quo
2030 4919 2109 4972 fa-

538 5031 675 5076 mem
699 5026 748 5071 et
779 5016 917 5082 sitim
949 5024 1087 5078 tuam
1116 5013 1312 5079 saties;
1352 5009 1511 5068 Petra
1557 5012 1691 5083 enim
1717 5020 1822 5063 erat
1853 5009 2105 5078 Christus,

537 5125 603 5170 ex
652 5108 802 5176 cujus
851 5108 1128 5177 praeceptis
1162 5117 1407 5175 tanquam
1455 5119 1519 5160 ex
1553 5103 1786 5158 fontibus
1812 5103 2110 5162 dulcedinis

538 5183 770 5275 satieris,
795 5200 1029 5266 gustabis
1056 5200 1212 5273 etiam
1248 5214 1457 5274 panem,
1492 5198 1639 5273 illum
1685 5198 1887 5258 scilicet
1915 5196 2002 5266 qui
2035 5195 2116 5249 di-

536 5295 609 5358 cit
633 5311 645 5345 ε
679 5289 791 5358 Ego
813 5306 928 5348 sum
950 5291 1094 5360 panis
1121 5294 1256 5362 vivus
1287 5306 1373 5358 qui
1396 5291 1457 5356 de
1487 5288 1610 5343 ccelo
1635 5287 1888 5360 descendi.
1920 5283 2117 5342 Gusta-

539 5387 618 5448 his
644 5395 699 5450 et
721 5383 926 5451 videbis
955 5383 1203 5458 quoniam
1235 5383 1413 5450 Suavis
1443 5388 1526 5436 est
1572 5381 1854 5443 Dominus,
1886 5387 1940 5454 et
1968 5381 2012 5432 si
2059 5379 2110 5454 in

539 5489 592 5538 te
611 5479 809 5538 eminet
831 5477 1001 5530 virtus
1023 5474 1297 5540 charitatis
1322 5488 1440 5543 quae
1467 5473 1642 5540 omnia
1673 5479 1872 5542 sperat,
1905 5486 1999 5547 per
2022 5471 2113 5524 he-

540 5585 744 5636 remum
792 5581 1010 5624 necesse
1056 5575 1135 5620 est
1190 5575 1240 5630 te
1266 5565 1516 5630 transire,
1557 5564 1606 5617 id
1660 5571 1743 5636 est
1795 5562 1961 5615 utaris
2012 5561 2114 5638 hoc

539 5661 738 5722 mundo
761 5670 1007 5730 tanquam
1033 5673 1136 5732 non
1169 5666 1338 5718 utens.
1365 5668 1420 5712 et
1445 5658 1498 5712 in
1526 5657 1624 5716 hac
1645 5654 1749 5722 vita
1778 5654 2116 5730 peregrinum

540 5761 591 5810 te
639 5753 850 5806 nuveris
899 5765 1039 5820 esse,
1073 5750 1118 5824 si
1168 5757 1361 5824 terram
1415 5747 1786 5819 promissionis
1833 5747 1983 5814 cupis
2036 5745 2114 5822 in-

537 5848 717 5906 trare;
746 5839 863 5896 hanc
914 5849 1057 5898 terra
1104 5851 1187 5908 est
1221 5841 1289 5896 de
1317 5855 1418 5911 qua
1450 5841 1708 5912 prOpheta
1739 5847 1920 5894 cantat
1947 5847 1996 5893 et
2030 5835 2116 5891 di-

2218 4737 2426 4804 quando
2456 4737 2665 4791 dicebat
2693 4755 2705 4787 ε
2742 4735 2801 4791 Si
2829 4751 2914 4788 ros
2938 4732 3108 4788 Filius
3129 4734 3440 4798 iiberaserit,
3465 4745 3588 4787 tunc
3606 4733 3781 4788 caeli-

2217 4829 2330 4905 beri
2364 4828 2541 4894 eritis;
2570 4841 2665 4897 vos
2694 4838 2867 4880 autem
2903 4826 3065 4879 Deum
3095 4834 3149 4880 et
3183 4825 3464 4878 Dominum
3496 4839 3698 4895 regem,
3735 4828 3784 4876 et

2218 4918 2383 4987 ipsam
2418 4933 2597 4990 veram
2647 4917 2939 4970 libertatem
2974 4931 3080 4969 non
3120 4914 3294 4969 solum
3324 4915 3669 4983 repudiastis,
3697 4926 3778 4966 ve-

2205 5026 2334 5084 rum
2362 5011 2518 5065 etiam
2547 5025 2739 5082 ncg'ire
2757 5009 3032 5078 cupientes
3058 5009 3328 5063 cla'mastis
3345 5027 3367 5063 .:
3401 5008 3531 5063 Non
3553 5009 3780 5062 habenas

2216 5121 2404 5173 regem,
2449 5103 2545 5176 nisi
2573 5100 2841 5156 Casarem.
2873 5101 2977 5156 Sed
3029 5116 3094 5152 ne
3126 5102 3175 5153 iu
3207 5100 3311 5154 hoc
3334 5101 3554 5170 quidem
3603 5099 3784 5170 glorir

2219 5194 2345 5248 mini
2393 5194 2532 5270 quod
2563 5194 2830 5248 Christum
2863 5190 3151 5255 occidistis,
3196 5199 3374 5246 actum
3425 5203 3510 5246 est
3555 5193 3621 5247 dc
3647 5190 3784 5245 vobis

2168 5287 2173 5292 ’
2221 5284 2393 5352 potius
2421 5294 2472 5338 et
2503 5282 2736 5338 nescitis.
2774 5282 2966 5338 Audite
3010 5283 3180 5352 ipsum
3215 5282 3498 5336 Dominum
3532 5282 3785 5337 dicentem

2220 5392 2313 5445 per
2326 5377 2637 5446 praphetam
2663 5394 2674 5428 :
2703 5374 2813 5446 Ego
2826 5363 3110 5429 darmiviet
3129 5389 3366 5428 somnum
3386 5375 3534 5441 cepi,
3555 5386 3789 5428 somnum

2219 5468 2495 5536 appellans
2527 5476 2750 5522 mortem
2797 5480 2826 5519 a
2857 5464 3006 5519 vobis
3051 5465 3272 5518 illatam.
3313 5463 3584 5519 Cales-um
3627 5461 3788 5530 qualis

2219 5574 2360 5634 mors
2403 5560 2573 5628 pomit
2613 5571 2734 5612 esse
2781 5555 3054 5620 triduana,
3101 5553 3336 5609 maxime
3375 5553 3524 5608 illius
3563 5551 3652 5622 qui
3704 5564 3784 5620 pa

2219 5653 2463 5706 eumdem
2509 5653 2820 5721 prophetam
2872 5649 2976 5702 alio
3025 5649 3142 5702 loco
3173 5647 3306 5700 dicit
3351 5645 3676 5715 :Nstnuquid
3707 5657 3783 5711 q-

2220 5743 2404 5818 dormit
2427 5733 2528 5795 non
2565 5739 2770 5810 adjiciat
2795 5749 2851 5793 ut
2875 5739 3144 5808 resurgat?
3169 5740 3302 5808 Ego,
3330 5737 3518 5805 inquit,
3549 5735 3774 5790 dormivi.

2221 5850 2320 5905 ego
2361 5835 2449 5904 qui
2498 5842 2812 5902 potestatem
2860 5831 3030 5905 habeo
3065 5829 3298 5894 ponendi
3329 5829 3564 5883 animant
3596 5838 3764 5881 mea.
