4018 6488
229 309 358 367 H53

1202 321 1482 379 HOMILIA
1524 325 1588 380 IN
1629 322 1955 385 DOMINICA
1997 327 2039 384 ll
2075 329 2461 391 ADVENTUS.

3329 347 3466 405 1154

226 451 319 505 ego
361 435 599 502 dormivi,
630 451 734 493 non
761 438 880 506 quia
910 441 1155 508 saeviatis,
1188 459 1294 500 non
1323 449 1448 516 quia
1475 449 1780 515 insanistis;
1813 453 1869 513 Α
1893 461 2054 508 tatem
2085 461 2152 511 et'
2173 457 2238 512 ad
2271 459 2430 514 vitam
2459 461 2663 527 venire,
2706 477 2735 517 a
2775 461 2855 534 via
2888 465 2995 520 noli
3027 479 3229 524 errare.
3264 467 3461 540 Video,

226 545 320 596 ego
349 529 558 596 Implevi
603 535 744 600 quod
771 535 941 600 volui,
985 551 1080 592 vos
1109 539 1160 593 in
1191 543 1397 596 scelere
1425 544 1782 602 remansistis.

226 623 347 688 Quis
374 621 541 691 exigit
567 632 711 680 tanta
741 626 806 680 de
843 627 952 681 Deo
977 640 1182 696 nostro,
1209 631 1426 698 fratres,
1469 650 1566 704 pro
1606 647 1786 691 nostra

227 715 587 781 redemptione
623 726 680 772 et
717 718 907 782 salute,
943 721 1040 775 nisi
1082 722 1317 777 charitas
1355 740 1472 793 qtue
1519 742 1788 796 nunquam

225 807 389 864 cadit?
417 807 461 865 0
481 806 712 864 charitas
731 826 850 879 qua:
871 827 1086 883 magnas
1111 815 1252 869 vires
1273 814 1458 881 habes,
1489 824 1545 871 et
1566 817 1633 872 de
1649 819 1790 874 cmlo

227 897 382 952 Deum
430 897 757 966 deposuisti;
786 915 971 957 orcara
1005 905 1232 971 sanitas,
1263 920 1296 958 ο
1345 916 1532 961 sancta
1571 920 1626 963 et
1666 924 1790 964 vera

225 988 445 1044 cliaritas
473 1005 593 1058 quae.
616 999 764 1048 tanta
796 1009 856 1048 es
882 994 934 1049 in
959 997 1140 1061 terris,
1173 1009 1366 1068 quanta
1390 1001 1498 1056 eris
1521 1001 1580 1056 in
1604 1003 1787 1058 ctelisl

222 1077 344 1146 Quae
371 1088 570 1146 tantum
601 1089 753 1150 potes
792 1083 842 1146 in
892 1084 991 1140 hac
1035 1102 1208 1158 pugna
1248 1090 1588 1145 mortalitatis
1615 1092 1793 1149 adhuc

225 1169 463 1238 sollicita,
516 1183 772 1241 quantum
816 1179 1014 1244 poteris
1058 1180 1112 1238 in
1141 1179 1232 1236 illa
1261 1182 1493 1251 perfecta
1531 1200 1661 1254 pace
1700 1201 1788 1244 se-

222 1262 378 1316 cura?
424 1261 628 1335 Evigila
685 1265 862 1336 itaque
891 1271 1066 1330 omnis
1090 1272 1264 1328 anima
1291 1274 1596 1342 christiana,
1649 1286 1702 1332 et
1746 1278 1792 1333 si

223 1353 273 1422 iu
319 1363 371 1410 te
418 1355 622 1422 eminet
671 1359 837 1415 virtus
895 1361 1167 1418 charitatis
1218 1379 1339 1434 quae
1399 1369 1575 1430 omnia
1633 1367 1792 1421 susti-

223 1452 328 1510 net,
356 1444 565 1510 Domini
613 1450 685 1506 tui
738 1451 948 1508 imitare
987 1455 1226 1525 vestigia.
1275 1454 1507 1511 Christus
1528 1457 1681 1524 enim,
1719 1459 1792 1513 ait

219 1539 486 1607 apostolus
516 1539 727 1611 Petrus,
760 1561 854 1618 pro
880 1547 1018 1604 vobis
1041 1566 1222 1616 passus
1245 1559 1318 1605 est
1339 1554 1629 1622 relinquam
1651 1554 1790 1608 vobis

219 1631 498 1702 exemplum
518 1641 576 1688 ut
609 1638 890 1705 sequamini
909 1641 1117 1711 vestigia
1137 1642 1247 1711 ejus
1264 1658 1284 1696 :
1305 1652 1361 1698 et
1389 1645 1435 1697 si
1459 1643 1548 1699 ille
1573 1654 1791 1713 propter

225 1730 276 1786 te
305 1724 368 1778 de
387 1726 596 1788 caelesti
627 1729 756 1786 sede
781 1731 846 1786 ad
872 1739 1082 1788 terrena
1105 1734 1403 1802 descendit,
1429 1746 1480 1791 tu
1510 1747 1726 1805 propter
1738 1744 1790 1792 te

1891 550 2089 618 inquis,
2119 554 2257 608 viam
2289 565 2341 610 et
2367 558 2522 625 cupio
2549 560 2854 627 ambulare;
2885 563 2976 616 sed
3006 579 3184 634 amara
3210 574 3291 621 est
3325 584 3338 636 ξ
3364 569 3465 622 Ar-

1890 651 1970 694 cta
1994 646 2128 698 enim
2150 645 2234 698 via
2274 660 2319 701 et
2361 663 2578 718 angusta
2601 661 2675 706 est
2703 670 2814 722 quae
2840 655 2977 707 ducit
3003 657 3071 708 ad
3103 656 3285 723 vitam;
3312 656 3467 714 Chri-

1890 742 2006 791 stus
2037 740 2300 803 transivit,
2336 753 2386 796 et
2415 744 2586 798 adhuc
2625 760 2810 814 aspera
2841 745 2960 802 est?
2988 746 3337 816 Transierunt
3374 766 3464 806 se-

1891 843 2006 895 nes,
2055 832 2380 888 transierunt
2423 829 3048 904 juvenes,transierunt
3106 841 3298 914 puellae
3345 859 3466 911 quat

1893 921 2033 975 viam
2066 937 2223 993 quam
2255 925 2408 980 times
2427 937 2479 980 et
2503 927 2690 983 horres
2721 932 2894 983 tritam
2929 931 3023 984 tibi
3053 932 3312 987 iecerunt.
3337 937 3465 989 Am~

1892 1014 2010 1070 bula
2039 1029 2169 1083 ergo
2196 1017 2334 1070 viam
2364 1032 2584 1073 securus
2633 1039 2646 1074 :
2676 1020 2908 1088 ambula,
2941 1023 3069 1091 quid
3100 1024 3241 1079 enim
3273 1024 3465 1079 metuis

1890 1103 1946 1157 in
1978 1103 2078 1159 hac
2118 1106 2241 1160 via?
2272 1107 2530 1162 Mortem?
2558 1117 2612 1164 et
2643 1120 2864 1166 mortem
2893 1113 3048 1168 times
3076 1114 3166 1184 qui
3203 1114 3268 1168 ad
3298 1116 3464 1170 vitam

1892 1195 2098 1249 curris?
2128 1195 2306 1250 Bonus
2334 1213 2423 1264 es;
2457 1199 2592 1255 bene
2619 1203 2668 1254 in
2702 1203 2800 1256 hac
2829 1207 2940 1257 vita
2969 1208 3160 1260 curris.
3191 1206 3331 1262 Mors
3370 1207 3465 1261 tibi

1885 1284 2044 1354 janua
2073 1296 2156 1340 est
2197 1303 2318 1356 quae
2365 1297 2416 1342 te
2441 1301 2786 1359 repraesentat
2839 1309 2941 1348 non
2985 1310 3100 1365 qua:
3145 1296 3344 1351 auferat
3389 1299 3465 1352 vi-

1892 1387 2020 1432 tam.
2069 1379 2290 1432 Ambula
2325 1394 2453 1450 ergo
2509 1381 2683 1447 viam,
2730 1383 2836 1436 imo
2881 1385 3105 1456 ipsequi
3157 1393 3373 1455 propter
3413 1396 3467 1442 te

1892 1469 2064 1524 factus
2089 1480 2171 1525 est
2197 1472 2302 1532 via.
2335 1473 2448 1542 ipse
2478 1482 2530 1528 te
2555 1474 2711 1529 ducat
2754 1491 2846 1542 per
2887 1491 2945 1532 se
2988 1479 3194 1545 ipsum;
3231 1479 3345 1548 ipse
3383 1487 3468 1536 est

1891 1567 2031 1622 enim
2060 1568 2160 1633 via,
2185 1568 2369 1621 veritas
2396 1577 2446 1621 et
2474 1570 2595 1624 vita.
2641 1569 2735 1624 Dic
2763 1584 2890 1640 ergo
2922 1580 2996 1635 tu,
3028 1585 3061 1626 ο
3089 1573 3262 1626 anima
3297 1573 3468 1629 ﬁdelis

1891 1665 1946 1710 et
1967 1657 2075 1725 pia,
2106 1657 2192 1711 die
2216 1671 2424 1720 secura,
2456 1658 2541 1712 dic
2569 1667 2621 1712 et
2649 1673 2769 1713 cum
2798 1660 3058 1730 prOpheta
3090 1663 3351 1717 veraciter
3370 1678 3464 1718 ex-

1891 1748 2061 1801 clama
2089 1763 2102 1801 :
2136 1747 2313 1801 Deduc
2333 1765 2430 1816 me,
2465 1747 2698 1818 Domine,
2735 1751 2786 1802 in
2807 1753 2887 1803 via
2910 1760 3017 1816 tua,
3043 1759 3088 1806 et
3107 1753 3377 1808 ambulabo
3413 1755 3466 1808 in

221 1825 424 1874 terrena
452 1818 598 1889 fuge,
625 1834 814 1893 appete
839 1826 1097 1881 cmlestia.
1131 1828 1188 1883 Si
1226 1829 1398 1884 dulcis
1417 1839 1500 1883 est
1527 1830 1781 1895 mundus,
1817 1829 1865 1888 Β
1891 1843 2103 1894 veritate
2126 1849 2253 1894 tua:
2281 1850 2403 1894 tunc
2431 1841 2495 1895 ad
2522 1850 2574 1896 te
2600 1856 2822 1897 securus
2853 1844 3186 1911 perveniam,
3220 1845 3262 1898 si
3291 1859 3462 1915 usque

218 1905 412 1968 dulcior
447 1919 536 1966 est
574 1909 846 1980 Christus;
879 1917 923 1970 si
948 1931 1161 1973 amarus
1189 1929 1273 1974 est
1302 1921 1557 1987 mundus,
1592 1936 1690 1988 pro
1731 1931 1784 1977 te

217 1999 384 2064 omnia
431 2003 688 2060 sustinuit
730 2003 998 2063 Christus.
1034 2008 1126 2064 Via
1181 2010 1272 2064 tibi
1326 2011 1496 2065 lactus
1534 2018 1619 2066 est
1667 2013 1784 2080 ipse

217 2088 462 2155 Salvator,
491 2105 678 2162 surge,
701 2096 934 2163 ambula,
961 2099 1125 2156 habes
1147 2115 1282 2170 quo;
1314 2101 1423 2156 noli
1456 2102 1785 2173 pigrescere;

215 2180 303 2238 sed
333 2181 471 2238 forte
513 2186 712 2254 quaeris
755 2189 894 2256 quo?
926 2188 1088 2246 Vides
1139 2192 1281 2247 enim
1311 2193 1450 2247 viam
1482 2203 1536 2246 et
1592 2194 1789 2262 quieris

215 2286 316 2342 quo
357 2274 518 2334 ducat
543 2275 658 2332 haec
688 2277 801 2346 ipsa
830 2278 948 2334 via?
977 2281 1058 2336 Ad
1109 2285 1382 2338 veritatem
1425 2293 1478 2338 et
1504 2283 1572 2338 ad
1603 2285 1784 2339 vitam.

215 2364 267 2420 Si
295 2381 441 2424 antas
477 2372 772 2438 veritatem,
803 2373 1040 2429 si'amas
1069 2375 1252 2441 vitam,
1284 2384 1339 2431 et
1365 2379 1515 2443 cupis
1540 2377 1608 2430 ad
1638 2376 1784 2432 veri-

1891 1934 1943 1988 in
1976 1933 2131 1988 linem
2163 1942 2305 1986 tuam
2325 1934 2548 2002 gratiam
2578 1948 2682 1987 non
2709 1934 2971 1989 deseram.
2991 1936 3135 2003 Haec,
3165 1934 3354 1990 fratres
3383 1937 3467 1990 di-

1891 2026 2193 2089 lectissimi,
2219 2041 2338 2095 qua:
2367 2042 2392 2078 a
2423 2025 2645 2079 Domino
2687 2024 2854 2094 ipsius
2880 2026 3151 2081 charitatis
3179 2027 3318 2081 dicta
3339 2036 3465 2084 sunt

1891 2121 2154 2174 sanctitati
2187 2126 2396 2182 vestrm,
2447 2119 2519 2172 ita
2552 2120 2788 2190 haereant
2834 2119 3081 2172 sensibus
3125 2130 3177 2174 et
3208 2119 3464 2176 cordibus

1892 2211 2102 2278 vestris,
2135 2219 2191 2264 ut
2215 2211 2401 2266 eadem
2428 2209 2541 2278 ipsa
2560 2209 2792 2264 cbaritas
2822 2208 3050 2265 fructum
3081 2209 3133 2265 in
3165 2211 3314 2266 vobis
3334 2225 3464 2282 ope-

1892 2301 1968 2354 ris
1998 2300 2256 2368 inveniat,
2287 2316 2390 2356 non
2423 2302 2541 2355 iolla
2572 2300 2760 2356 laudis.

950 2612 1152 2718 ΟΡ
1174 2611 1288 2718 Π
1281 2613 1459 2720 SC
1475 2615 1911 2724 ULUM
1987 2609 2736 2720 TERTIUM

1771 2801 1926 2857 SIVE
2439 2819 2445 2823 ·

687 2916 1198 3003 HOMILIA
1270 2923 1392 3006 IN
1467 2919 2056 3007 DOMINICA
2132 2923 2214 3005 II
2288 2921 2950 3010 ADVENTUS.

283 3053 421 3111 Ecce
450 3071 520 3112 ex
555 3071 655 3128 qua
699 3056 862 3112 Tribu
908 3060 1208 3114 nasciturus
1257 3069 1398 3115 esset
1425 3061 1682 3139 Christus)
1712 3077 1778 3116 ex

1884 3063 2131 3122 missum.
2155 3063 2241 3132 qui
2266 3076 2368 3116 non
2409 3072 2529 3116 ante
2569 3071 2793 3126 mortem
2827 3064 3009 3144 David,
3040 3068 3133 3132 sed
3166 3079 3286 3142 post
3310 3089 3461 3130 mor-

571 3122 584 3128 -
1658 3122 1682 3139 ,
2171 3122 2185 3132 .
2787 3122 2793 3126 .
2996 3122 3008 3144 ,_
3166 3122 3284 3142 τ---
3310 3122 3417 3130 η--.

212 3145 437 3204 lectione
462 3149 769 3218 evangelica
799 3149 1073 3203 docemur.
1109 3150 1180 3203 Ex
1213 3149 1374 3204 David
1404 3162 1579 3206 autem
1614 3153 1780 3222 stirpe
1807 3122 1855 3186 C
1887 3161 1990 3206 tem
2020 3154 2134 3220 ejus
2167 3153 2550 3219 praenuntiatus
2583 3152 2738 3207 fuerit
2769 3156 3127 3224 suscitandus,
3163 3163 3252 3230 qui
3283 3164 3453 3218 adiﬁ-

151 3247 158 3254 '
210 3243 500 3300 secundum
527 3257 742 3300 carnem
790 3243 1022 3300 futurum
1072 3257 1208 3307 esse,
1263 3243 1335 3298 ita
1372 3245 1780 3311 praenuntiatum

208 3343 285 3387 est
312 3334 365 3388 in
395 3335 611 3403 psalmis
642 3351 655 3388 :
686 3332 887 3388 Iuravit
932 3333 1178 3387 Dominus
1225 3333 1387 3387 David
1413 3337 1464 3388 in
1494 3337 1715 3401 veritate,
1735 3345 1784 3390 et

205 3441 305 3479 non
328 3427 658 3495 frustrabitur
678 3443 812 3494 eum,
839 3428 900 3480 de
926 3430 1094 3494 fructu
1115 3427 1300 3495 ventris
1324 3428 1396 3490 tui
1422 3443 1606 3498 ponam
1630 3445 1784 3499 super

203 3518 373 3570 sedem
395 3527 557 3572 tuam.
592 3519 656 3572 Et
686 3533 896 3572 rursum
939 3535 951 3571 :
986 3517 1154 3572 Semel
1176 3518 1348 3588 iuravi
1393 3519 1443 3570 in
1468 3528 1640 3572 sancto
1674 3536 1782 3573 meo

203 3610 249 3662 si
290 3609 458 3663 David
488 3611 730 3676 mentiar,
760 3627 927 3665 semen
951 3613 1061 3683 ejus
1104 3612 1156 3663 in
1192 3621 1434 3664 aeternum
1479 3613 1698 3664 manebit
1738 3620 1786 3664 et

206 3703 448 3758 thronum
472 3707 582 3776 ejus
607 3706 735 3759 sicut
763 3711 838 3776 sol
876 3722 927 3759 tn
954 3713 1223 3773 conspectu
1257 3720 1388 3776 meo,
1428 3713 1474 3758 et
1499 3705 1627 3758 sicut
1659 3703 1783 3758 luna

205 3796 430 3864 perfecta
453 3797 503 3849 in
525 3808 789 3861 wternum,
814 3808 862 3852 st
885 3799 1022 3850 testis
1051 3798 1104 3850 in
1131 3797 1254 3851 caelo
1277 3795 1462 3866 ﬁdelis.
1492 3796 1558 3850 Et
1580 3796 1705 3851 item
1731 3798 1782 3852 in

207 3884 342 3940 libro
376 3887 815 3956 Paralipomenon
844 3907 855 3941 :
908 3887 974 3942 Et
1020 3893 1210 3957 factum
1235 3898 1306 3940 est
1346 3889 1546 3940 verbum
1578 3885 1782 3940 Domini

208 3981 270 4031 ad
308 3979 521 4034 Nathan
564 3982 860 4049 praphetam
888 3981 1057 4034 dicens
1081 3996 1100 4034 :
1129 3977 1275 4033 Vade
1304 3989 1350 4032 et
1382 3979 1463 4030 dic
1489 3993 1626 4032 servo
1672 3997 1779 4034 meo

211 4070 373 4126 David
398 4089 418 4128 :
449 4073 574 4129 Haec
602 4073 726 4127 dicit
757 4071 1042 4127 Dominus:
1065 4074 1326 4130 Aununtio
1354 4075 1440 4128 tibi
1459 4075 1594 4145 quod
1617 4073 1781 4142 nidiﬁ-

209 4174 412 4220 caturus
444 4177 516 4221 est
542 4168 748 4221 domum
793 4168 888 4221 sibi
933 4167 1468 4237 Dominus;cumque
1500 4169 1782 4236 impleveris

208 4253 312 4309 dies
357 4268 470 4314 tuos
507 4269 563 4312 ut
603 4259 759 4313 vadas
801 4259 868 4312 ad
915 4270 1079 4328 patres
1121 4271 1267 4326 tuos,
1317 4263 1565 4315 suscitabo
1612 4279 1782 4316 semen

211 4355 349 4401 tuum
393 4361 506 4419 post
529 4360 604 4418 te,
629 4351 761 4421 quod
801 4353 895 4406 erit
919 4353 980 4406 de
1001 4353 1121 4419 [iliis
1166 4353 1284 4416 tuis,
1353 4363 1399 4407 et
1420 4353 1674 4406 stabiliam
1715 4369 1785 4406 re-

209 4454 360 4508 gnum
381 4423 513 4514 ejui.
543 4441 663 4511 Ipsa
691 4445 962 4511 wdiﬁcabit
993 4445 1116 4497 mihi
1141 4444 1362 4507 domum,
1389 4455 1433 4498 et
1457 4445 1673 4511 ﬁrmabo
1698 4459 1781 4497 so-

1887 3252 2035 3297 caret
2061 3242 2278 3295 domum
2315 3242 2523 3296 DOmini
2556 3259 2658 3296 non
2688 3245 2754 3298 de
2785 3246 3073 3313 parietibus
3115 3253 3457 3317 manufactis,

1885 3335 1977 3388 sed
2004 3333 2070 3387 de
2116 3331 2373 3401 lapidibus
2421 3331 2552 3386 vivis
2583 3343 2633 3386 et
2665 3333 2932 3400 pretiosis,
2968 3337 3017 3389 id
3049 3349 3128 3391 est
3169 3342 3368 3396 sanctis
3397 3357 3450 3398 et

1888 3425 2149 3489 ﬁdelibus,
2182 3439 2300 3490 nam
2329 3434 2381 3480 et
2410 3423 2537 3492 illud
2566 3426 2706 3496 quod
2739 3425 2999 3495 SllbjeCili
3035 3429 3206 3484 ﬁdelis
3239 3434 3339 3487 erit
3364 3434 3458 3489 do.

1885 3532 2004 3571 mus
2025 3515 2160 3585 ejus,
2196 3524 2251 3570 et
2280 3531 2499 3585 regnum
2532 3516 2646 3586 ejus
2675 3533 2838 3588 usque
2867 3519 2918 3573 in
2942 3524 3324 3591 sempiternum
3360 3543 3457 3582 co-

1885 3621 1996 3663 ram
2030 3621 2132 3672 me,
2169 3606 2404 3660 attendat
2448 3615 2502 3662 et
2545 3609 2768 3677 aspiciat
2796 3611 3074 3680 quisquam
3110 3627 3214 3669 non
3262 3616 3328 3671 de
3357 3618 3458 3674 Sa-

1885 3698 2099 3752 lomone
2128 3710 2248 3751 esse
2275 3697 2714 3766 praenuntiatum;
2755 3699 3052 3756 Salomonis
3099 3719 3327 3776 namque
3359 3709 3458 3765 do-

1884 3805 2028 3844 mum
2056 3790 2218 3845 luisse
2245 3791 2454 3861 plenam
2484 3791 2790 3848 mulieribus
2816 3795 3128 3866 alienigenis
3155 3801 3454 3860 colentibus

1886 3881 2045 3944 idola,
2074 3890 2129 3935 et
2159 3881 2273 3950 ipse
2303 3883 2370 3936 ab
2407 3882 2486 3936 eis
2512 3898 2604 3939 rex
2638 3885 2948 3941 idololatriae
2990 3889 3262 3960 seductus,
3290 3905 3454 3965 atque

1887 3973 2141 4041 deiectus,
2175 3975 2263 4043 qui
2294 3975 2419 4028 dum
2443 3975 2610 4031 bonus
2634 3975 2818 4034 fuisset
2846 3980 2895 4032 in
2927 3980 3098 4051 initio,
3128 3986 3320 4040 malum
3354 3990 3438 4044 exi
3497 3987 3501 3990 ’

1889 4073 1995 4120 tum
2024 4066 2224 4122 habuit.
2261 4068 2400 4137 Ergo
2427 4069 2544 4138 quis
2569 4081 2649 4124 est
2676 4071 2773 4125 istc
2803 4072 2955 4141 cujus
2985 4075 3175 4130 domus
3205 4089 3285 4133 est
3322 4081 3453 4138 iide-

1885 4156 1950 4212 lis
1982 4159 2032 4212 in
2061 4167 2390 4228 perpetuum,
2423 4169 2476 4214 et
2500 4162 2585 4229 qui
2620 4171 2735 4227 post
2777 4174 3001 4220 mortem
3029 4166 3191 4223 David
3236 4173 3458 4238 promit-

1902 4251 2113 4304 tebatur
2140 4252 2510 4306 suscitandas?
2540 4252 2628 4308 Ille
2653 4265 2734 4308 est
2760 4256 2936 4324 utique
2965 4258 3030 4312 de
3075 4251 3320 4333 quoipso
3349 4265 3457 4320 Da-

1891 4340 1973 4392 vid
2004 4341 2055 4393 in
2086 4345 2291 4410 psalmo
2327 4344 2692 4412 octuagesimo
2735 4356 2923 4402 octavo
2966 4359 3199 4406 aestuans
3237 4365 3290 4409 et
3331 4372 3460 4426 pro-

1888 4430 2120 4485 clamans
2140 4431 2305 4486 dicit:
2334 4431 2413 4485 Tu
2439 4450 2555 4488 vero
2579 4435 2824 4490 distulisti
2841 4436 3098 4495 Christum
3137 4454 3294 4501 tuum.
3337 4449 3454 4506 Non

209 4529 329 4585 lium
349 4538 464 4606 ejus
491 4551 648 4606 usque
676 4537 728 4588 in
754 4544 1016 4588 internum.
1051 4533 1161 4604 Ego
1190 4550 1276 4587 ero
1300 4535 1378 4587 illi
1410 4535 1462 4587 in
1489 4545 1702 4604 patrem,
1728 4542 1773 4588 et
1801 4533 1856 4594 Β
1877 4533 1959 4578 eSt
1979 4537 2107 4593 ergo
2127 4524 2395 4590 Salomon,
2419 4527 2511 4581 sed
2538 4543 2633 4582 nec
2653 4529 2750 4584 iste
2774 4529 2956 4597 David,
2987 4535 3078 4588 sed
3101 4535 3349 4594 dilatatns
3369 4553 3454 4599 est

210 4620 314 4685 ipse
345 4627 438 4679 erit
480 4625 604 4678 mihi
643 4627 694 4678 in
726 4625 910 4693 ﬁlium,
950 4633 998 4678 et
1039 4625 1442 4678 misericordiam
1474 4640 1637 4676 meam
1680 4640 1779 4676 ηοη
1881 4613 2143 4670 Christus.
2181 4617 2311 4672 Ecce
2331 4620 2577 4687 apparuit
2611 4631 2752 4675 certe
2777 4626 3150 4691 promissiones
3169 4633 3452 4698 praedictas

211 4713 440 4783 auferam
464 4717 528 4772 ab
557 4731 636 4785 eo,
667 4717 795 4769 sicut
811 4713 1000 4769 abstuli
1029 4713 1092 4767 ab
1113 4730 1170 4767 eo
1209 4714 1297 4784 qui
1318 4723 1436 4766 ante
1479 4721 1526 4766 te
1556 4713 1655 4782 [uit
1673 4730 1691 4778 ,°
1735 4720 1782 4766 et

209 4813 426 4862 statuam
453 4824 567 4864 eum
615 4809 666 4860 in
715 4807 863 4860 domo
896 4822 1027 4870 mea,
1052 4815 1097 4859 et
1127 4806 1181 4859 in
1211 4820 1367 4876 regno
1395 4819 1504 4857 meo
1548 4820 1705 4872 usque
1729 4805 1783 4858 in

210 4899 591 4965 sempiternum,
631 4909 675 4952 et
706 4898 941 4952 thronum
974 4912 1136 4951 meum
1160 4896 1510 4966 ﬁrmissimum
1531 4897 1584 4950 in
1614 4911 1784 4964 perpe-

212 4992 370 5044 tuum.
401 4968 530 5046 illaec
553 4991 727 5044 omnia
758 4991 846 5058 qui
878 4990 929 5044 in
959 4989 1248 5044 Salomone
1290 4997 1436 5056 putat
1479 4987 1638 5041 fuisse
1682 4989 1778 5040 im-

213 5076 367 5142 picta,
401 5082 624 5136 multum
648 5096 829 5136 errare
854 5081 1092 5147 videtur;
1128 5096 1246 5134 nam
1289 5080 1516 5149 qualiter
1546 5079 1596 5133 in
1625 5077 1780 5134 Salo-

214 5179 367 5225 mone
394 5173 796 5244 intelligendum
823 5180 904 5226 est
931 5171 1072 5242 quod
1099 5170 1302 5225 dictum
1342 5179 1426 5224 est
1451 5187 1462 5222 :
1495 5170 1779 5238 Postquam

215 5257 494 5320 dormieris
523 5281 642 5320 cum
673 5265 910 5335 patribus
942 5265 1071 5330 tuis,
1117 5263 1389 5318 suscitabo
1417 5275 1596 5316 semen
1634 5270 1780 5314 tuum

217 5361 332 5414 νοει
353 5363 423 5423 te,
453 5357 591 5427 quod
623 5359 722 5412 erit
749 5358 816 5411 de
845 5357 965 5411 filiis
992 5357 1116 5421 tuis,
1148 5366 1201 5410 et
1247 5356 1512 5410 stabiliam
1561 5369 1780 5422 regnum

215 5440 364 5507 eius?
390 5446 636 5518 Nunquid
667 5450 733 5504 de
778 5448 868 5502 illo
905 5448 1194 5503 Salomone
1221 5447 1457 5502 creditur
1494 5445 1782 5515 propheta-

219 5535 362 5588 tum?
401 5537 645 5606 Minime;
693 5541 780 5594 ille
826 5539 967 5595 enim
1011 5539 1222 5593 vivente
1274 5548 1423 5606 patre
1478 5551 1576 5591 suo
1620 5536 1782 5605 carpit

219 5631 474 5698 reﬂare;
504 5647 627 5687 nam
658 5631 742 5686 hic
769 5632 966 5686 dicitur
996 5649 1009 5685 :
1043 5633 1160 5700 quia
1192 5647 1310 5685 cum
1354 5630 1556 5699 impleti
1591 5627 1783 5684 fuerint

219 5708 332 5770 dies
361 5723 435 5776 tui
481 5733 536 5780 et
580 5724 859 5779 dormieris
900 5737 1019 5778 eum
1066 5723 1304 5794 patribus
1339 5723 1463 5784 tuis,
1516 5719 1784 5776 suscitabo

223 5810 399 5864 nmen
429 5823 596 5881 tuum,
642 5829 707 5869 ea
746 5830 849 5884 quo
891 5815 1200 5884 intelligitur
1241 5813 1402 5870 alium
1447 5811 1610 5868 fuisse
1659 5825 1783 5880 pro-

1886 4719 1987 4758 nun
2008 4706 2058 4759 in
2081 4706 2388 4773 Salomone,
2407 4709 2501 4762 sed
2524 4710 2574 4762 in
2597 4711 2806 4764 Christo
2821 4713 3044 4766 Domino
3059 4727 3261 4784 nostro,
3279 4721 3366 4789 qui
3385 4736 3455 4777 ex

1889 4800 2055 4854 David
2068 4816 2261 4870 genere
2277 4813 2420 4856 ortus
2437 4814 2510 4854 est
2521 4805 2702 4868 ,tuisse
2716 4807 3099 4873 completas,de
3113 4826 3217 4879 quo
3235 4828 3329 4881 per
3341 4815 3456 4872 Hie-

1887 4891 2104 4945 remiam
2123 4892 2234 4958 ipse
2261 4892 2512 4960 Dominus
2525 4893 2678 4948 dicit:
2700 4893 2828 4947 Ecce
2839 4897 2945 4948 dies
2959 4899 3232 4964 veniunt,et
3243 4905 3456 4958 suscita-

1889 4981 1950 5035 bo
1968 4981 2126 5034 David
2137 4999 2336 5053 germen
2341 4983 2561 5052 justum,
2577 4992 2622 5036 et
2638 4985 2860 5052 regnabit
2873 4997 3034 5051 rex,et
3048 4990 3248 5059 sapiens
3273 4994 3390 5059 erit,
3407 5004 3456 5047 et

1886 5075 2037 5145 faciet
2050 5074 2307 5146 judicium
2323 5084 2366 5126 at
2381 5075 2641 5144 justitiam
2665 5091 2813 5144 super
2835 5085 3040 5131 terram.
3071 5079 3133 5134 In
3150 5081 3324 5136 diebus
3349 5085 3457 5140 illis

1885 5166 2156 5221 salvabitur
2174 5165 2206 5220 J
2215 5165 2339 5223 uda.
2357 5175 2401 5219 et
2429 5165 2588 5221 lsrael
2599 5167 2836 5220 habitabit
2849 5169 3180 5238 conﬁdenter,
3199 5174 3354 5229 ethoc
3379 5186 3458 5232 est

1888 5275 2066 5313 nomen
2085 5265 2222 5328 quod
2251 5260 2496 5313 vocabunt
2523 5276 2659 5326 eum,
2693 5260 2940 5316 Dominus
2960 5264 3134 5330 justus
3178 5279 3363 5321 noster.
3393 5269 3460 5324 Et

1888 5351 2046 5404 Isaias
2093 5351 2159 5405 de
2187 5349 2400 5404 Christo
2435 5336 2674 5420 quia'ex
2723 5353 2926 5406 semine
2973 5353 3136 5407 David
3191 5366 3343 5411 natus
3375 5370 3459 5414 est

1887 5441 2175 5496 secundum
2220 5457 2431 5496 carnem
2463 5442 2623 5496 sicin
2675 5447 3126 5514 consequentibus
3168 5450 3460 5516 prophetia:

1889 5546 2002 5587 sum
2022 5533 2150 5586 dicit
2190 5548 2204 5587 ε
2239 5531 2299 5585 lu
2320 5533 2400 5586 die
2422 5533 2515 5586 illa
2542 5534 2692 5588 radis
2717 5534 2862 5588 Iesse
2899 5537 2987 5604 qui
3015 5546 3113 5591 stat
3153 5539 3208 5592 in
3252 5541 3459 5610 signum

1891 5623 2218 5694 papulorunt,
2250 5625 2418 5691 ipsum
2453 5635 2621 5692 gentes
2645 5626 3069 5695 deprecabuntur,
3091 5639 3140 5683 et
3167 5632 3261 5684 erit
3288 5635 3460 5700 sepul-

1890 5733 2029 5770 crum
2057 5720 2168 5788 ejus
2191 5717 2488 5787 gloriosum.
2521 5719 2576 5772 In
2606 5721 2811 5789 signum
2842 5721 3154 5787 p0pulorum
3180 5733 3284 5779 stat
3310 5727 3460 5784 radix

1889 5807 2065 5876 Jesse,
2099 5811 2348 5878 quoniam
2380 5807 2624 5866 Christus
2652 5810 2982 5879 signaculum
3009 5814 3183 5868 crucis
3209 5818 3458 5886 exprimit
