4018 6492
495 387 633 462 tias

1380 398 1936 466 SUPPLEMENTUM
1976 405 2068 464 AD
2104 400 2334 466 OPERA
2371 404 2432 464 S.
2475 403 2858 465 AUGUSTINI.

3639 397 3766 461 1136

490 518 546 573 in
575 516 850 614 frontibus
887 528 1094 571 eorum.
1147 511 1322 586 Ipsum
1375 529 1561 588 gentes
1610 520 2066 592 deprecabuntur,
2098 526 2154 588 Α
2178 524 2420 587 accubat,
2452 522 2700 592 permixti
2727 521 2936 577 scilicet
2963 519 3175 576 subdoli
3207 521 3766 614 cum‘peccatoribus,

489 608 633 686 quod
658 609 771 682 jam
799 607 1042 665 obtutum
1061 610 1298 665 cernitur
1319 611 1482 668 fuisse
1507 614 1856 684 completum.
1880 617 2077 686 Sepul-

489 716 640 759 crum
695 709 871 756 autem
919 702 1034 770 ejus
1077 701 1129 757 in
1179 712 1381 758 tantum
1412 716 1494 760 est
1537 707 1848 776 gloriosum,
1880 719 1938 762 ut
1983 723 2077 764 es-

491 803 648 860 cepto
677 791 817 861 quod
848 792 1110 865 redempti
1143 810 1236 864 per
1265 806 1492 852 mortem
1523 797 1640 868 ejus
1671 799 1897 868 gloriam
1923 801 2076 856 exhi—

488 884 700 947 bemus,
731 887 893 940 etiam
931 886 1078 942 locus
1126 889 1240 958 ipse
1267 904 1559 947 coruscans
1591 895 1862 950 miraculis
1890 894 2078 964 gloria:

485 991 619 1041 eum,
653 976 722 1032 ob
765 993 884 1034 eam
913 995 1130 1034 causam
1176 983 1241 1035 ad
1283 998 1342 1038 se
1384 999 1597 1039 omnem
1625 986 1892 1040 contrahit
1918 1003 2077 1043 inun-

486 1073 637 1130 dum.
667 1075 764 1130 Hic
795 1077 943 1132 locus
976 1079 1028 1132 in
1049 1078 1266 1134 hebrmo
1296 1079 1456 1136 habet
1487 1098 1499 1135 :
1535 1079 1602 1134 Et
1622 1083 1714 1135 erit
1743 1083 1939 1152 requies
1966 1086 2087 1155 ejus

485 1168 733 1238 gloriosa,
770 1169 950 1238 utique
998 1171 1120 1240 quia
1171 1172 1408 1228 moriens
1453 1187 1582 1229 caro
1624 1175 1740 1243 ejus
1789 1190 1894 1230 non
1948 1176 2080 1229 vidit

487 1265 918 1333 corruptionem,
969 1265 1263 1321 secundum
1323 1267 1642 1324 sententiam
1685 1268 1898 1338 psalmi,
1957 1268 2078 1337 quia

487 1367 590 1406 non
622 1363 694 1406 est
723 1353 965 1408 derelicta
991 1356 1161 1408 anima
1189 1358 1300 1428 ejus
1322 1361 1375 1409 in
1417 1357 1634 1424 inferno,
1663 1373 1762 1412 nec
1791 1358 1975 1412 datum
1997 1367 2082 1413 est

487 1455 719 1500 sanctum
768 1440 884 1518 ejus
921 1448 1090 1502 videre
1140 1449 1536 1519 corruptionem.
1586 1450 1690 1505 lste
1738 1459 1820 1505 est
1857 1450 1946 1520 qui
1988 1464 2082 1519 per

487 1539 693 1596 Nathan
733 1558 800 1597 ex
853 1543 1058 1599 semine
1085 1542 1250 1598 David
1295 1542 1643 1612 promittitur,
1691 1543 1779 1613 qui
1827 1542 1988 1596 etiam
2028 1552 2081 1598 et

487 1648 585 1704 per
613 1633 801 1688 Isaiam
831 1637 1146 1703 prephetam
1182 1635 1254 1689 ita
1302 1635 1690 1703 praenuntiatur
1721 1652 1734 1688 :
1769 1635 2074 1707 Egredietur

487 1727 630 1798 uirga
655 1726 719 1780 de
756 1727 928 1781 radice
955 1725 1122 1790 Iesse,
1164 1737 1213 1781 et
1237 1728 1334 1795 ﬂos
1363 1728 1427 1781 de
1457 1729 1634 1784 radice
1661 1732 1776 1801 ejus
1816 1731 2079 1786 ascendet.

487 1817 618 1874 Haec
638 1820 783 1888 virga
811 1819 880 1874 de
903 1819 1086 1875 radice
1111 1819 1263 1875 Jesse
1283 1820 1432 1888 virgo
1459 1820 1621 1877 Maria
1651 1829 1758 1886 est,
1785 1820 1854 1877 de
1899 1821 2082 1878 radice

2181 617 2254 673 ibi
2289 617 2372 672 vel
2401 617 2562 672 etiam
2587 618 2781 670 vitulus
2833 631 2895 671 es
2923 616 3363 680 circumcisione.
3394 616 3482 670 leo
3508 629 3576 670 es
3598 617 3768 671 sectili

2180 721 2462 781 potestate,
2495 725 2622 766 oves
2645 711 2715 766 de
2745 711 2986 781 populari
3027 710 3214 766 ordine
3239 711 3406 766 simul
3435 725 3769 765 commonita

2180 815 2287 872 tur,
2319 807 2439 876 quia
2469 805 2521 860 in
2550 805 2653 860 ltde
2682 805 2985 860 communis
3016 814 3099 861 est
3143 805 3466 860 commixtio
3515 805 3767 860 omnium.

2178 898 2319 956 Puer
2372 907 2549 953 autem
2603 898 2852 966 parvulus
2909 898 3121 951 minans
3172 911 3268 952 eos
3315 897 3409 952 ille
3465 905 3553 951 est
3599 898 3772 967 utique

2181 991 2271 1062 qui
2323 1005 2382 1047 se
2431 990 2730 1045 humiliavit
2782 1005 2878 1059 pro
2909 990 3065 1046 nobis
3113 991 3165 1045 in
3217 990 3482 1061 parvulis.
3541 990 3645 1046 Dos
3685 1007 3771 1046 au-

2184 1093 2289 1139 tem
2319 1095 2373 1139 et
2397 1085 2482 1138 leo
2505 1084 2665 1138 simul
2692 1083 2977 1138 comedent
2997 1085 3198 1153 paleas,
3219 1084 3343 1154 quia
3364 1083 3641 1154 principes
3661 1100 3773 1140 cu

2182 1180 2438 1250 subjecﬁs
2461 1180 2706 1247 plebibus
2733 1194 3074 1234 communem
3106 1178 3304 1234 habent
3325 1178 3659 1234 doctrinam.
3685 1180 3774 1234 De-

2184 1272 2412 1328 lectatur
2439 1286 2650 1342 quoque
2679 1270 2856 1327 infans
2895 1270 2962 1325 ab
2990 1269 3155 1326 ubere
3188 1285 3350 1339 super
3375 1268 3650 1324 foramine
3694 1284 3772 1322 as-

2182 1360 2340 1432 pidis,
2384 1361 2509 1415 dum
2556 1371 2747 1430 gentes
2796 1375 2921 1430 qua:
2951 1360 3199 1414 solebant
3227 1374 3436 1416 venena
3491 1359 3779 1430 prtedimre

2183 1453 2470 1526 aliquando
2497 1469 2776 1510 conversa:
2821 1454 2982 1509 etiam
3015 1453 3220 1523 parvuli
3269 1453 3477 1508 Christi
3505 1451 3669 1508 fidem
3696 1454 3778 1508 de-

2183 1546 2453 1602 lectantur
2481 1545 2702 1611 audire;
2733 1560 2962 1600 caverna
2992 1546 3136 1600 enim
3169 1543 3338 1615 rcguli
3365 1543 3539 1598 corda
3564 1555 3686 1597 sunt
3708 1545 3778 1600 in-

2183 1637 2441 1704 ﬁdelium,
2473 1638 2526 1692 in
2569 1638 2762 1707 quibus
2789 1635 2879 1692 ille
2908 1651 3137 1705 serpens
3169 1645 3345 1691 tortus
3375 1636 3776 1706 requiescebat,

2183 1745 2340 1800 quem
2407 1729 2712 1784 ablactatus
2763 1729 3213 1797 comprehensum
3265 1727 3467 1782 exinde
3523 1731 3781 1795 captivum

2184 1823 2459 1887 traxit,-ut
2497 1821 2552 1876 in
2601 1829 2782 1876 monte
2823 1828 3008 1874 sancto
3050 1820 3188 1889 ejus,
3219 1819 3376 1888 quod
3409 1827 3496 1874 est
3527 1819 3778 1885 Ecclesia,

487 1907 657 1964 David
683 1920 893 1977 exorta,
924 1924 1044 1980 quae
1072 1910 1258 1981 genuit
1305 1910 1490 1967 florem
1540 1911 1821 1968 Dominum
1852 1913 2084 1970 salvato-
2114 1917 2164 1977 B
2189 1930 2294 1970 non
2320 1923 2559 1970 noceret.
2589 1913 2706 1967 .Iam
2726 1927 2853 1968 vero
2875 1911 2999 1981 quia
3023 1925 3118 1966 ore
3147 1909 3472 1980 prophetico
3503 1909 3578 1964 de
3601 1910 3781 1964 lohsb

488 2014 630 2068 rem,
658 2002 725 2056 de
750 2015 858 2071 quo
881 2003 1043 2056 etiam
1069 2003 1309 2073 sequitur
1334 2019 1348 2055 :
1380 2000 1448 2055 Et
1472 2003 1746 2073 requiescet
1771 2020 1928 2072 super
1963 2021 2082 2060 eum

488 2090 720 2160 Spiritus
748 2091 973 2158 Domini,
999 2093 1211 2163 spiritus
1238 2094 1502 2166 sapientia:
1520 2102 1567 2148 et
1593 2094 1898 2162 intellectus,
1924 2097 2083 2165 spiri-
2113 2143 2116 2146 .

491 2193 572 2237 tus
596 2185 797 2238 consilii
825 2192 872 2238 et
902 2183 1223 2254 fortitudinis
1241 2225 1256 2249 ,
1293 2185 1502 2253 spiritus
1534 2185 1757 2240 scientia:
1786 2195 1832 2240 et
1852 2186 2078 2256 pietatis,

490 2286 539 2332 et
562 2277 774 2346 replebit
795 2293 909 2332 eum
928 2277 1138 2348 spiritus
1154 2278 1349 2332 timoris
1366 2275 1726 2332 Dominineo
1738 2288 1917 2349 autem
1935 2287 2082 2333 tanta

490 2369 634 2426 dona
647 2370 876 2442 Spiritus
888 2385 1050 2442 super
1059 2385 1181 2428 eum
1195 2371 1574 2442 praedicantur,
1589 2371 1709 2442 quia
1726 2372 1778 2426 in
1805 2387 1870 2428 eo
1887 2387 1991 2426 non
2017 2371 2083 2426 ad

490 2478 802 2520 mensuram
822 2463 1028 2518 habitat
1051 2464 1280 2534 Spiritus
1293 2465 1432 2518 sicut
1451 2464 1504 2519 in
1517 2463 1692 2528 nobis,
1709 2463 1802 2519 sed
1823 2471 1933 2519 tota
1951 2464 2092 2519 inest

498 2555 779 2626 plenitudo
820 2555 1117 2611 divinitatis
1144 2565 1200 2612 et
1227 2555 1537 2626 gratiarum.
1579 2555 1683 2610 Iste
1726 2563 1811 2610 est
1852 2555 1940 2625 qui
1979 2570 2086 2608 non

491 2651 768 2706 secundum
789 2649 1035 2704 visionem
1055 2650 1342 2713 oculorum,
1366 2659 1414 2703 et
1443 2650 1679 2703 auditum
1705 2649 1916 2702 aurium
1937 2647 2088 2719 judi-

491 2753 594 2807 cat,
624 2742 714 2797 sed
741 2750 814 2796 est
837 2742 1051 2813 justitia
1091 2741 1354 2812 cingulum
1395 2742 1682 2797 lumborum
1709 2743 1822 2813 ejus
1864 2752 1912 2796 et
1961 2741 2092 2810 ﬁdes

491 2836 791 2894 cinctorium
818 2851 997 2888 renum
1023 2837 1172 2907 ejus;
1218 2834 1270 2888 in
1302 2835 1456 2904 cujus
1485 2834 1716 2889 ecclesia
1757 2833 1962 2889 habitat
2007 2832 2090 2886 lu-

495 2915 594 3001 pus
624 2945 745 2984 cum
776 2944 946 3000 agno;
977 2928 1068 2983 ille
1109 2928 1289 2998 utique
1318 2927 1410 2997 qui
1459 2926 1668 2982 solebat
1694 2927 1762 2981 ab
1793 2940 1860 2981 eo
1899 2937 2088 2994 rapere

497 3024 752 3093 praedam,
785 3035 838 3079 et
866 3024 992 3078 dum
1021 3022 1089 3078 ad
1115 3037 1233 3078 eam
1265 3020 1594 3078 convertitur
1621 3035 1743 3075 cum
1779 3017 2084 3073 innocenti-

498 3117 593 3172 bus
619 3125 1015 3181 commoratur;
1047 3114 1102 3174 in
1147 3112 1302 3184 cujus
1343 3113 1466 3169 ovili
1510 3111 1708 3182 pardus
1747 3126 1870 3167 cum
1925 3108 2082 3164 haedo

2193 2006 2433 2062 nascenti
2489 2003 2704 2058 Christo
2769 2001 3117 2070 perhibeatur
3172 2000 3548 2056 testimonium
3580 2039 3598 2066 ,
3650 2000 3778 2056 idem

2193 2096 2356 2152 Isaias
2414 2105 2660 2158 testatur,
2711 2093 2912 2146 Panum
2951 2092 3109 2156 enim,
3154 2091 3342 2157 inquit,
3379 2107 3541 2156 super
3579 2092 3659 2145 Itis
3701 2095 3780 2160 qui

2190 2189 2413 2262 fugerint
2443 2187 2507 2242 de
2530 2184 2718 2240 Moltab
2766 2197 2983 2250 teonem,
3026 2193 3075 2238 et
3124 2189 3353 2252 reliqum
3381 2193 3539 2236 terra:
3580 2199 3601 2235 :
3626 2185 3783 2236 emitte

2191 2295 2402 2350 agnum,
2432 2277 2671 2343 Domine,
2709 2277 3084 2330 dominatorem
3107 2283 3274 2338 terrm,
3319 2274 3387 2328 de
3418 2285 3570 2342 petra
3610 2273 3782 2328 deserti

2192 2377 2258 2428 ad
2285 2384 2502 2428 montem
2533 2371 2659 2442 filice
2698 2371 2848 2428 Sion.
2876 2371 2950 2426 De
2979 2369 3080 2423 hac
3099 2367 3241 2423 enim
3268 2377 3440 2437 gente
3485 2367 3773 2423 Mohabita-

2194 2481 2315 2522 rum
2344 2479 2594 2536 egressus
2625 2471 2709 2520 est
2737 2478 2905 2532 agnus
2947 2461 3322 2517 immaculatus
3351 2460 3450 2530 qui
3501 2460 3641 2514 tollit
3670 2474 3778 2528 pee-

2191 2559 2297 2615 cati
2338 2558 2540 2623 mundi,
2571 2557 2662 2626 qui
2698 2555 3006 2610 dominatur
3038 2554 3089 2608 iu
3121 2553 3254 2608 orbe
3285 2563 3590 2606 terrarum.
3636 2551 3776 2606 Petra

2192 2662 2371 2708 autem
2415 2651 2617 2706 deserti
2663 2649 2806 2704 ltuth
2839 2648 3105 2718 signiﬁcat
3135 2661 3256 2716 qua:
3306 2644 3576 2700 destituta
3622 2655 3779 2700 morte

2192 2745 2372 2802 mariti
2393 2743 2461 2799 de
2491 2743 2630 2798 Boos
2656 2739 3024 2812 genuitObed,
3045 2737 3266 2794 etObed
3288 2737 3478 2802 Jesse,
3493 2737 3629 2792 etde
3645 2737 3778 2792 tense

2198 2839 2382 2904 David,
2398 2844 2453 2892 et
2473 2835 2541 2890 de
2561 2833 2810 2889 Davidica
2825 2833 2992 2901 stirpe
3006 2840 3162 2884 natus
3185 2826 3776 2884 estChrbtuslontem

2195 2943 2371 2988 autem
2413 2929 2533 2984 ﬁliae
2562 2928 2690 2985 Sion
2717 2935 2811 2982 aut
2851 2925 3203 2980 historialiter
3234 2923 3417 2993 ipsam
3452 2922 3637 2977 urbem
3672 2923 3776 2976 llieo

2195 3026 2522 3098 rosolymam
2557 3022 2706 3087 dicit,
2739 3032 2831 3076 aut
2855 3020 3006 3092 juxta
3037 3017 3402 3088 tropologiam
3429 3015 3709 3071 Ecclesiaru
3732 3015 3774 3068 in

2193 3121 2431 3186 suecula,
2467 3119 2518 3173 id
2562 3130 2642 3174 est
2676 3117 2729 3171 in
2787 3117 3040 3170 virtutum
3093 3111 3438 3167 sublimitate
3468 3110 3773 3166 collocatam.

499 3279 3771 3328 _________________________________________.

1205 3416 1912 3526 OPU‘SCUL
1939 3413 2169 3523 ΠΜ
2221 3404 3065 3540 QUARTUM.

2071 3615 2224 3676 SIVE

1033 3767 1453 3855 SERMO
1530 3766 1652 3848 IN
1730 3759 2693 3848 CIRCUMCISIONE
2768 3755 3247 3843 DOMINI.

573 3955 1822 4025 Incarnattontsdivina:mysterium,nostraeque
1836 3947 2085 4005 recorda-
2114 3953 2159 4016 ρ
2191 3942 2558 4014 magnitudine
2573 3943 2851 4008 dubitare;
2876 3945 2982 3998 imo
3014 3944 3102 3998 illa
3139 3945 3328 3998 omnia
3357 3960 3482 4014 qua:
3501 3946 3568 3999 de
3587 3941 3774 3998 immiti-

509 4052 672 4108 tionis
699 4052 969 4122 egregium
993 4057 1384 4104 sacramentum
1418 4046 1485 4100 ob
1518 4045 1618 4100 hoc
1655 4059 1685 4098 a
1729 4045 1883 4099 nobis
1913 4057 2089 4097 annua

498 4146 834 4202 revolutione
851 4143 1150 4200 celebratur
1175 4151 1227 4196 et
1257 4141 1472 4209 colitur,
1505 4148 1564 4195 ut
1608 4141 1736 4194 tanti
1763 4153 2094 4195 commemo-

499 4240 636 4293 ratio
674 4238 918 4294 beneﬁcii
951 4238 1092 4307 quod
1135 4234 1287 4290 nobis
1325 4233 1552 4304 indignis
1598 4234 1758 4289 fuerit
1793 4234 2092 4302 impensum

498 4330 776 4396 ostendat,
808 4341 861 4384 et
891 4329 1014 4397 quid
1048 4336 1208 4382 tanta:
1248 4327 1432 4397 glorize
1461 4326 1751 4382 debeamus
1781 4325 2085 4380 admoneat.

503 4419 755 4486 Proinde,
773 4420 985 4486 fratres,
1005 4427 1260 4487 quantum
1283 4418 1582 4472 audivimus
1601 4418 1884 4472 Dominum
1902 4416 2088 4471 Jesum

497 4509 773 4566 Christum
801 4526 898 4580 pro
922 4511 1074 4565 nobis
1104 4510 1524 4564 misericorditer
1553 4510 1910 4576 humiiiatunt,
1943 4518 2090 4564 tanto

499 4603 670 4674 magis
723 4615 1076 4672 agnoscamus
1128 4599 1472 4656 ineifabiliter
1520 4599 1847 4670 gloriosum,
1897 4601 1950 4654 in
1985 4616 2092 4668 quo

503 4711 733 4765 namque
753 4709 904 4750 suam
927 4694 1070 4748 circa
1102 4709 1196 4748 nos
1220 4691 1629 4762 insuperabilem
1659 4692 1973 4749 charitatem
1995 4693 2088 4749 Dei

499 4787 806 4859 unigenitus
833 4785 1115 4842 evidenter
1137 4786 1387 4851 ostendit,
1417 4785 1596 4854 inquo
1624 4800 1719 4855 pro
1742 4787 1895 4841 nobis
1917 4785 2089 4841 humi-

505 4885 708 4938 litatem
737 4896 880 4936 vera:
908 4883 1108 4946 carnis,
1129 4894 1372 4948 verasque
1390 4879 1595 4945 tnortis,
1619 4895 1724 4934 non
1751 4888 1970 4936 coactus
1997 4893 2090 4936 nc-

498 4976 750 5032 cessitate
773 4973 868 5029 sed
893 4973 1128 5028 bonitate
1147 4971 1428 5027 miseratus
1451 4973 1762 5040 assumpsit.
1787 4973 1922 5040 Quid
1946 4973 2088 5027 enim

499 5066 625 5122 boni
660 5065 982 5128 feceramus,
1014 5062 1226 5128 fratres,
1256 5071 1312 5117 ut
1341 5071 1544 5117 tantum
1587 5064 1740 5118 nobis
1771 5063 2087 5119 benecium

502 5156 894 5230 praestaretur?
919 5154 1051 5221 Qute
1074 5165 1253 5208 nostra
1274 5154 1408 5208 bona
1432 5155 1619 5208 merita
1641 5153 1856 5208 fuerunt
1887 5163 1943 5208 ut
1965 5154 2087 5208 uni-

496 5248 718 5322 genitus‘
741 5246 837 5302 Dei
867 5246 1028 5300 homo
1060 5247 1175 5300 ﬁeri
1205 5247 1538 5315 dignaretur,
1565 5255 1622 5300 ut
1652 5246 1957 5301 Altissimus
1987 5246 2089 5300 im-

2201 4047 2308 4094 tate
2320 4046 2479 4107 atque
2491 4035 2821 4091 humanitate
2836 4035 3044 4091 Domini
3062 4036 3366 4092 Salvatoris
3380 4037 3697 4100 audivimus,
3709 4050 3804 4096 re.

2195 4145 2253 4186 ra
2268 4143 2388 4185 esse
2401 4128 2515 4184 sine
2532 4129 2708 4198 aliqua
2732 4127 3067 4182 haesitatione
3081 4127 3391 4186 credamus.
3415 4127 3484 4182 Et
3505 4128 3621 4183 ideo
3634 4126 3778 4196 magis

2198 4222 2401 4294 gratias
2429 4235 2667 4292 agamus,
2702 4220 2913 4288 fratres,
2947 4219 3186 4288 quicum
3213 4235 3557 4275 mereremur
3587 4231 3774 4288 penat-

2201 4313 2534 4386 percepimus
2557 4313 2922 4382 gratiam,qua
2941 4312 3108 4382 gratia
3124 4312 3422 4367 factumest
3440 4315 3631 4366 utdum
3653 4322 3776 4364 mors

2198 4407 2423 4462 debetur
2449 4405 2693 4476 perditis,
2719 4403 2826 4458 vita
2847 4404 3014 4474 gratis
3036 4405 3335 4458 donaretur
3359 4404 3614 4472 indignis.
3635 4403 3776 4458 Altis-

2199 4501 2319 4557 simi
2373 4514 2603 4568 namque
2653 4497 2952 4554 Salvatoris
2993 4497 3269 4552 humilitas
3315 4514 3423 4552 non
3458 4498 3560 4566 ipsi
3585 4494 3776 4564 aliquod

2206 4595 2388 4649 intulit
2415 4593 2819 4655 detrimentum,
2851 4589 2944 4645 sed
2976 4591 3370 4644 incrementum
3405 4589 3560 4643 nobis
3581 4587 3777 4643 contulit

2196 4701 2471 4756 maguum,
2506 4699 2608 4739 nec
2635 4684 2907 4739 excelsum
2933 4681 3134 4750 dejecit
3153 4723 3169 4748 ,
3199 4681 3294 4736 sed
3323 4681 3567 4749 dejeCtos
3589 4679 3774 4741 erexit;

2195 4788 2252 4834 ut
2266 4777 2406 4834 enim
2425 4777 2639 4847 plenum
2658 4776 2747 4831 Dei
2763 4774 2928 4831 Filius
2951 4783 3266 4843 operaretur
3291 4773 3672 4842 redemptionis
3691 4787 3776 4824 no.

2193 4880 2318 4926 strte
2351 4870 2643 4940 negotium,
2669 4883 2774 4923 non
2805 4867 2982 4921 solum
3013 4867 3264 4936 dignatus
3289 4862 3619 4920 estCreator
3639 4871 3775 4917 totius

2193 4963 2372 5017 carnis
2388 4961 2456 5016 de
2479 4976 2642 5015 carne
2663 4958 2897 5031 Virginis
2908 4958 3203 5014 secundum
3217 4958 3495 5013 veritatem
3512 4955 3683 5012 canis
3696 4969 3773 5008 na-

2198 5056 2439 5110 turaliter
2479 5056 2653 5121 nasei,
2687 5064 2740 5109 et
2781 5053 2923 5108 Deus
2954 5051 3124 5108 laetor
3165 5051 3399 5108 hominis
3429 5051 3592 5106 homo
3639 5061 3776 5104 verus

2207 5164 2270 5204 ex
2297 5147 2513 5203 homine
2537 5147 2674 5214 ﬁeri,
2699 5145 2992 5217 quinetiam
3017 5145 3208 5216 pannis
3233 5145 3436 5200 involvi
3459 5144 3512 5199 in
3529 5145 3776 5214 angustis—

2194 5244 2335 5297 simo
2356 5242 2639 5311 prassepio,
2665 5241 2910 5296 humanis
2931 5239 3178 5294 manibus
3204 5239 3452 5310 bajulari.
3482 5241 3526 5294 0
3557 5240 3775 5295 clemen—

499 5343 816 5407 tnolaretur,
854 5350 910 5394 ut
941 5338 1254 5394 indeﬁciens
1281 5339 1605 5409 Angelorum
1639 5339 1790 5409 panis
1821 5339 2089 5396 fmmineis
2115 5361 2170 5422 ι)
2197 5333 2493 5390 liSSillliDei
2516 5335 2745 5405 gloriosa
2773 5332 3096 5404 benignitas.
3127 5346 3161 5386 0
3183 5331 3430 5386 alliSSiwi
3458 5332 3552 5387 Dei
3582 5334 3774 5386 excelsi

498 5435 753 5490 uberibus
799 5433 1117 5498 laetaretur,
1153 5445 1207 5484 ut
1250 5430 1570 5484 steculorum
1616 5445 1705 5486 res
1749 5431 2090 5486 contumeliis

498 5527 826 5593 alﬁceretur,
861 5533 916 5578 ut
949 5523 1053 5578 vita
1082 5532 1282 5577 eterna
1315 5521 1448 5576 mori
1481 5523 1868 5592 patientissime
1907 5523 2093 5594 digna-

497 5620 679 5674 retur?
707 5617 938 5672 Attende
961 5616 1139 5684 igitur,
1171 5613 1352 5679 homo,
1370 5615 1885 5686 tantmbenignitatis
1908 5615 2095 5685 digna-

497 5710 731 5774 tionem,
769 5718 826 5764 ut
855 5708 1146 5777 gratiarum
1181 5706 1452 5776 persolvas
1484 5707 1756 5762 humiliter
1796 5707 2088 5762 actionem.

496 5798 645 5855 Scito
673 5809 848 5854 autem
879 5810 930 5852 te
953 5814 1058 5852 non
1083 5798 1566 5861 honorilicentiam,
1592 5799 1684 5854 sed
1707 5800 2090 5855 contumeliam

495 5891 692 5948 divina:
729 5889 911 5958 gratiae
941 5889 1167 5946 reddere
1211 5891 1255 5946 si
1295 5890 1524 5960 coeperis
1569 5892 1636 5947 de
1678 5891 1805 5946 t‘tnti
1846 5890 2088 5949 beneﬁcii

2201 5427 2500 5482 humilitas!
2534 5427 2626 5481 Ille
2671 5443 2700 5480 a
2752 5433 2923 5480 matre
2964 5423 3300 5478 nutriebatur
3347 5422 3666 5488 infantulus,
3695 5421 3775 5491 qui

2199 5528 2424 5572 matrem
2458 5517 2561 5571 sibi
2591 5516 2799 5571 creavit
2827 5516 3154 5580 immensus;
3186 5515 3301 5584 ipse
3339 5531 3368 5569 a
3400 5517 3704 5584 parentibus
3724 5514 3772 5568 in

2199 5622 2353 5662 suum
2388 5609 2642 5679 templum
2673 5623 2806 5677 puer
2841 5607 3096 5676 parvulus
3137 5610 3477 5676 portabatur,
3509 5609 3599 5679 qui
3644 5609 3769 5662 Dens

2199 5715 2422 5770 magnus
2458 5701 2511 5756 in
2552 5701 2740 5756 eodem
2781 5699 2982 5768 templo
3006 5714 3036 5752 a
3067 5701 3272 5754 sanctis
3299 5701 3605 5756 hominibus
3635 5712 3769 5768 ruga-

2201 5795 2386 5860 batur;
2433 5804 2488 5850 et
2529 5795 2667 5849 idem
2711 5807 2807 5864 pro
2845 5805 2904 5848 se
2935 5790 3260 5848 sacriﬁcium
3293 5795 3546 5866 praecepit
3583 5791 3765 5855 θεαί-τί,

2201 5888 2289 5959 qui
2320 5888 2436 5944 sino
2466 5894 2684 5960 peccato
2705 5897 2805 5957 pro
2830 5883 3034 5945 nostris
3053 5891 3274 5947 venerat
3297 5885 3658 5952 impietatibus
3680 5884 3762 5941 im-
