3886 6534
584 343 719 398 “45
1464 327 2010 390 SUPPLEMENTUM
2052 326 2141 380 AD
2179 321 2404 379 OPERA
2443 319 2500 374 S.
2538 311 2924 371 AUGUSTINI.
3535 332 3611 391 ιη,

585 457 638 510 in
674 467 854 510 eremo
878 453 1129 523 jejunavit
1151 492 1166 516 ,
1199 459 1256 504 ut
1292 450 1465 518 legem
1502 448 1710 503 Domini
1744 452 2035 499 mereretur
2066 457 2151 496 ac-
2178 444 2228 500 Α
2258 445 2368 490 toto
2410 447 2551 489 anno
2582 431 2734 486 nobis
2765 429 3012 523 viximus,
3055 431 3223 487 saltem
3246 435 3388 502 paucis
3413 437 3615 504 diebusbe.

586 547 787 616 cipere.
839 546 1255 612 impetraverunt
1293 541 1490 611 jejunia
1533 539 1669 608 quod
1713 546 1900 591 venter
1947 545 2155 590 saturus
2212 578 2213 582 η
2255 526 2435 580 vivere
2474 523 2762 586 \‘aleamuS,
2794 519 3071 588 adiuvante
3105 536 3190 576 nos
3224 523 3319 592 ipso
3339 528 3506 596 quicum
3532 534 3617 593 Patre

589 735 660 789 sit
701 735 836 787 inter
857 730 1116 800 jejunium
1144 737 1197 783 et
1240 729 1568 782 saturitatem
1588 767 1600 788 ,
1635 726 1772 778 inter
1799 731 2034 777 ventrem
2065 737 2158 775 va-

589 838 746 879 cuum
790 831 843 877 et
874 823 1175 891 pulmonem
1202 820 1371 885 epulis
1402 825 1732 870 aestuantem.
1777 814 2006 884 Moyses,
2033 815 2159 883 quia

590 913 873 984 jejunavit,
899 911 1182 965 Dominum
1228 908 1390 972 vidit;
1419 916 1474 961 et
1520 907 1744 976 populus
1773 906 1897 972 quia
1929 904 2161 959 comedit

594 1011 650 1059 et
675 1004 834 1069 bibit,
864 1003 1000 1057 idola
1035 1001 1317 1055 fabricatus
1344 1008 1442 1053 est.
1469 998 1602 1064 Quid
1632 998 1699 1052 de
1725 998 1908 1067 Moyse
1949 997 2158 1066 loquor,

593 1099 742 1172 etde
773 1096 1054 1151 israelitica
1096 1092 1471 1149 multitudine?
1503 1090 1618 1160 Ipse
1664 1104 1907 1159 princeps
1951 1089 2163 1160 generis

595 1189 762 1243 nostri
785 1187 955 1242 Adam
982 1185 1231 1255 quamdiu
1255 1199 1357 1238 non
1381 1182 1643 1244 comedit,
1676 1181 1725 1233 in
1753 1179 2000 1249 paradiso
2025 1178 2160 1234 fuit:

595 1281 770 1333 statim
816 1286 872 1330 ut
916 1275 1180 1340 comedit,
1217 1274 1284 1328 de
1329 1273 1572 1341 paradiso
1603 1271 1805 1340 ejectus
1845 1281 1948 1328 est.
1980 1273 2076 1336 Qui
2109 1270 2162 1324 in

595 1370 840 1441 paradiso
884 1369 1008 1432 Dei,
1039 1382 1187 1436 virgo
1235 1364 1434 1426 fuerat,
1464 1363 1666 1432 ejectus
1694 1362 1761 1418 de
1799 1362 2046 1430 paradiso
2073 1375 2163 1416 co-

597 1461 780 1531 gnovit
817 1474 1034 1513 uxorem
1062 1473 1210 1512 suam
1237 1473 1249 1510 :
1284 1469 1493 1523 semper
1526 1453 1666 1532 enim
1695 1452 1955 1507 saturitati
1981 1451 2163 1522 juncta

594 1553 821 1608 lascivia
847 1560 926 1606 est
954 1567 967 1603 :
1000 1551 1169 1604 vicina
1209 1548 1309 1602 sibi
1352 1556 1476 1600 sunt
1506 1546 1703 1615 saginae
1732 1544 1970 1598 membra
1992 1553 2167 1612 'atque

603 1645 862 1707 luxuriae;
895 1657 989 1713 pro
1016 1641 1372 1697 membrorum
1402 1637 1612 1702 ordine,
1636 1636 1768 1691 ordo
1790 1636 2038 1691 vitiorum
2069 1637 2164 1691 eli-

596 1738 756 1806 gitur.

2856 771 3083 828 SEBMO
3120 773 3194 826 Ill.

2333 892 2409 947 De
2437 888 2694 960 euangelio
2730 887 2813 940 ubi
2857 885 3099 941 Dominus
3141 887 3194 940 de
3219 905 3328 958 aqua
3359 892 3480 947 viuum
3504 899 3586 964 fecit.

2853 976 3006 1032 Joan.
3032 994 3138 1047 cap.
3167 993 3216 1031 tt.

2333 1097 2560 1169 Nuplize,
2592 1096 2642 1150 in
2675 1093 2866 1164 quibus
2892 1091 3127 1146 Christus
3153 1103 3201 1147 et
3239 1106 3474 1153 munerator
3498 1111 3530 1155 et
3553 1119 3625 1158 ειη.

2265 1192 2381 1247 viva
2427 1186 2722 1249 discubuit;
2753 1192 3063 1237 munerator
3101 1183 3279 1238 scilicet
3314 1184 3356 1239 in
3389 1189 3541 1257 origine,
3558 1209 3626 1248 coi-

2272 1283 2387 1337 viva
2418 1281 2585 1334 factus
2623 1278 2676 1331 in
2719 1288 2937 1345 genere,
2972 1281 3028 1327 ut
3064 1273 3147 1342 qui
3187 1271 3235 1326 in
3268 1275 3488 1344 primordio
3517 1287 3627 1346 00pm;

2268 1375 2490 1432 novella:
2515 1379 2857 1427 concesserat
2884 1370 3029 1420 nasci
3057 1381 3118 1420 ex
3145 1367 3328 1421 homine
3351 1371 3554 1432 hominem.
3570 1376 3626 1442 ipse

2268 1481 2478 1538 quoque
2504 1464 2647 1520 nasci
2683 1462 2992 1532 dignaretur
3017 1474 3082 1514 ex
3110 1458 3368 1530 virginem.
3387 1463 3508 1516 Aures
3527 1479 3625 1523 notua

2271 1560 2491 1630 pulsatae
2539 1570 2679 1610 nunc
2722 1567 2753 1608 e
2803 1560 2988 1606 sancto
3032 1551 3288 1619 Evangelio
3329 1558 3626 1617 sonueruntzaie,

2272 1652 2469 1722 inquit,
2506 1647 2666 1703 tertio
2699 1646 2895 1715 nuptia:
2928 1647 3076 1698 facta:
3104 1652 3218 1699 sunt
3251 1647 3297 1699 in
3321 1643 3481 1700 Chanan
3509 1650 3628 1717 gallici,

2274 1754 2328 1800 et
2354 1753 2471 1798 erat
2499 1748 2668 1794 mater
2689 1738 2815 1793 Jesu
2838 1737 2908 1792 ibi
2929 1754 2944 1803 ;
2969 1736 3206 1790 invitatus
3223 1743 3293 1790 est
3310 1747 3442 1790 autem
3463 1737 3558 1792 iesus
3571 1754 3629 1791 cum

668 1828 847 1882 Helias
867 1835 1100 1889 sanctus.
1123 1825 1206 1880 cui
1225 1825 1488 1880 elementa
1512 1824 1760 1878 famulata
1783 1831 1923 1888 sunt.
1944 1824 2034 1894 qui
2056 1837 2166 1878 εοε-
2202 1815 2250 1876 Β
2275 1833 2546 1904 discipulis
2569 1833 2634 1885 ad
2667 1831 2896 1899 nuptias.
2927 1827 2986 1884 Si
3019 1828 3384 1882 Manichaeorum
3406 1828 3573 1883 latebrosa
3588 1845 3632 1883 W-

616 1934 703 1973 um
731 1917 896 1972 tribus
923 1918 1075 1971 annis
1098 1925 1151 1971 et
1177 1931 1266 1970 sex
1301 1915 1570 1972 mensibus
1601 1917 1890 1980 clauserat,
1921 1917 1986 1968 ad
2015 1916 2167 1982 cujus

600 2024 783 2063 vocem
811 2022 1096 2076 supernum
1124 2006 1397 2061 descendit
1423 2006 1754 2074 incendium,
1783 2022 1904 2062 cum
1932 2023 2051 2061 eum
2080 2007 2193 2073 Je-_

603 2098 750 2153 zabal
781 2097 940 2151 vellet
970 2096 1234 2162 occidere,
1264 2105 1317 2150 et
1345 2098 1515 2151 fessus
1563 2097 1661 2150 sub
1699 2099 1947 2152 umbrosa
1980 2097 2171 2151 arbore

601 2193 802 2263 jaceret
845 2189 897 2244 in
940 2188 1256 2258 solitudine,
1301 2189 1518 2257 angelus
1562 2189 1628 2243 ad
1674 2204 1795 2243 eum
1843 2189 2088 2252 mittitur,
2121 2197 2173 2243 et

603 2283 858 2352 praecepit
892 2291 949 2336 ut
991 2287 1227 2336 sumeret
1267 2281 1532 2349 paululum
1566 2281 1717 2348 panis
1743 2290 1796 2335 et
1827 2295 2006 2348 aqua};
2039 2293 2164 2348 qua-

602 2372 845 2441 draginta
873 2371 1014 2426 enim
1055 2370 1257 2424 dierum
1286 2370 1490 2439 jejunio
1519 2385 1611 2439 per
1649 2369 1920 2424 desertum
1951 2369 2016 2423 ad
2050 2369 2173 2424 Sina

606 2473 843 2518 montem
877 2461 1209 2531 profecturus
1248 2468 1381 2515 erat.
1428 2461 1692 2530 Numquid
1737 2462 1875 2515 enim
1922 2462 2176 2516 Dominus

607 2554 962 2632 omnipotens,
987 2553 1074 2622 qui
1098 2553 1291 2608 coelum
1323 2560 1377 2606 et
1400 2562 1593 2606 terram
1623 2552 1851 2619 fecerat,
1881 2553 2031 2622 cujus
2061 2555 2181 2608 uni-
2251 2556 2254 2558 ’

613 2664 761 2704 versa
792 2657 1034 2703 creatura
1061 2655 1173 2712 est,
1206 2661 1309 2701 non
1351 2656 1558 2717 poterat
1594 2649 1762 2702 mulsa
1802 2662 1894 2716 per
1933 2649 2180 2717 angelum

609 2751 699 2794 aut
724 2742 843 2794 vina
868 2739 1247 2804 transmittere,
1271 2745 1362 2792 aut
1383 2738 1623 2792 conditos
1646 2739 1813 2805 cibos,
1837 2749 1926 2792 aut
1951 2739 2183 2793 marinas

609 2834 851 2900 delicias,
889 2841 977 2886 aut
1016 2833 1288 2886 volucrum
1321 2832 1642 2888 suavitates?
1677 2831 1783 2887 Sed
1825 2833 2026 2889 sciebat
2055 2849 2183 2904 pro-

614 2928 826 2995 phetam
850 2914 1017 2979 suum'
1035 2940 1138 2978 non
1180 2925 1338 2978 aliter
1376 2939 1531 2993 posse
1576 2924 1948 2993 temptationes
1983 2923 2186 2979 diaboli

615 3023 848 3086 vincere,
875 3019 971 3074 nisi
991 3019 1207 3089 jejuniis
1229 3020 1547 3074 erudiretur.

691 3115 858 3181 l’ijecit
905 3129 1022 3177 nos,
1070 3112 1260 3167 fratres
1289 3111 1584 3176 carissimi,
1616 3111 1682 3166 de
1729 3110 1973 3180 paradiso
2013 3109 2184 3177 cibus,

617 3204 836 3259 reducat
864 3204 1090 3258 esuries.
1120 3202 1306 3257 Daniel
1350 3202 1439 3256 ille
1484 3201 1778 3255 futurorum
1824 3202 2090 3266 conscius,
2132 3210 2184 3256 et
2211 3185 2256 3247 C

615 3295 878 3350 adventus
901 3295 1106 3348 Domini
1129 3303 1183 3349 et
1202 3295 1496 3350 eversionis
1510 3295 1840 3349 Hierusalem
1867 3294 2190 3348 manifestis-

618 3390 786 3442 simus
835 3389 1166 3458 praedicator,
1199 3388 1320 3442 ideo
1344 3389 1431 3441 vir
1459 3387 1841 3442 desideriorum
1890 3386 2190 3456 appellatus

618 3488 731 3544 est,
777 3479 897 3548 quia
940 3494 1131 3548 panem
1180 3479 1429 3534 desiderii
1479 3493 1582 3532 non
1628 3478 1889 3543 comedit,
1919 3489 1972 3532 et
2013 3485 2193 3546 potum

621 3571 1068 3636 concupiscentiae
1090 3586 1192 3627 non
1213 3572 1372 3632 bibit;
1399 3570 1565 3641 magis
1580 3572 1722 3625 enim
1745 3570 2014 3626 Christum
2033 3586 2192 3637 quam

621 3666 804 3736 epulas
846 3662 1201 3720 desiderabat.
1246 3665 1478 3719 Joannes
1525 3678 1823 3731 praecursor
1865 3665 2074 3716 Domini
2117 3664 2195 3717 lo-

624 3756 787 3811 custis
815 3757 865 3808 in
886 3770 1066 3809 eremo
1094 3755 1322 3808 nutritus
1349 3762 1458 3817 est,
1486 3769 1588 3808 non
1613 3752 1921 3807 animalium
1945 3753 2196 3809 carnibus

626 3855 680 3902 et
718 3847 989 3900 volucrum
1035 3845 1406 3899 suavitatibus.
1438 3843 1652 3898 Poterat
1681 3845 1860 3913 utique
1885 3843 2197 3920 juxtador-

627 3939 778 3993 danis
807 3941 1001 3993 tioenta
1031 3939 1248 4006 piscium
1279 3937 1378 3991 sibi
1403 3937 1655 3992 exhibere
1683 3937 1932 4003 delicias;
1959 3937 2053 3992 sed
2088 3952 2199 4007 pm-

629 4031 903 4086 nitentiam
936 4030 1320 4088 prmdicaturus
1371 4028 1670 4084 doctrinam
1713 4028 1905 4096 rigoris
1936 4037 1990 4082 et
2014 4027 2200 4096 jeiunii

630 4126 874 4190 exemplo
904 4136 1001 4176 suo
1041 4120 1208 4190 magis
1251 4119 1431 4175 debuit
1460 4120 1655 4175 docere
1693 4135 1849 4189 quam
1881 4135 2030 4175 voce.
2064 4121 2198 4174 Cum

635 4214 687 4268 in
714 4213 996 4281 Evangelia
1019 4212 1232 4282 quidam
1256 4211 1522 4266 daemonio
1535 4211 1741 4280 plenus,
1770 4211 1992 4266 Domino
2018 4210 2206 4265 fuisset

633 4306 864 4373 oblatus,
904 4320 1060 4374 quem
1099 4319 1321 4374 purgare
1355 4302 1584 4372 apostoli
1621 4305 2005 4372 nequiverunt,
2041 4303 2207 4358 inter-

633 4406 884 4469 rogantes
912 4399 1169 4454 andiunt:
1201 4397 1501 4452 Istiusmodi
1532 4411 1697 4467 genus
1721 4411 1825 4450 non
1860 4394 2070 4464 ejicitur
2100 4396 2206 4450 nisi

633 4492 959 4548 orationibus
981 4499 1138 4559 atque
1162 4488 1396 4559 jejuniis.

2275 1927 2534 1994 lnptuosm
2572 1917 2910 1983 turpitudinis
2938 1916 3146 1972 foeditas
3164 1916 3224 1970 de
3249 1917 3407 1980 nuptiis
3421 1929 3630 1983 percontetur,

2273 2017 2415 2072 Deus
2447 2029 2560 2081 eas,
2605 2014 2808 2080 inquit,
2853 2025 2960 2065 non
2994 2002 3132 2063 fecit.
3177 2008 3227 2063 St
3267 2021 3371 2078 cego
3407 2008 3632 2075 Deusnuptus

2277 2126 2382 2164 non
2416 2107 2568 2170 fecit,
2601 2103 2867 2174 quomodo
2911 2102 2968 2155 in
3015 2100 3090 2154 eis
3116 2098 3333 2154 Christus
3368 2113 3454 2150 cum
3483 2099 3634 2167 discipuli

2276 2204 2386 2258 suis
2415 2201 2668 2256 invitatus
2694 2194 2982 2252 adcubuit?
3013 2192 3116 2249 Sed
3141 2191 3236 2261 jam
3259 2191 3382 2258 epaci
3403 2190 3633 2259 liuiusuyste-

2277 2296 2341 2351 rii
2389 2293 2626 2349 nubilum
2670 2288 3009 2345 ventilemus.
3055 2272 3165 2346 Die.
3197 2283 3369 2350 inquit,
3400 2282 3506 2336 tertio
3535 2287 3634 2350 nupti:

2278 2387 2434 2442 facta:
2465 2393 2586 2439 sunt
2615 2383 2665 2436 in
2695 2380 2910 2436 Cbanan
2955 2376 3172 2447 galilaza.
3214 2373 3530 2442 Splendeseeote
3557 2376 3635 2442 igitr:

2281 2495 2439 2549 super
2462 2478 2744 2532 obscurum
2763 2515 2778 2538 ,
2803 2470 3016 2527 delictis
3039 2467 3390 2529 offuscantibus,
3408 2465 3568 2519 mundun
3581 2465 3635 2517 Tri-

2283 2572 2461 2626 nitatis
2509 2570 2614 2634 die,
2646 2566 2888 2622 Christus
2935 2562 3083 2617 venit
3126 2560 3188 2614 ad
3233 2558 3420 2628 nuptias.
3440 2557 3636 2611 Tuntutea

2283 2665 2461 2719 anima
2483 2675 2602 2730 qua:
2628 2659 2695 2714 de
2729 2659 2838 2713 limi
2871 2656 3046 2712 fuerat
3069 2655 3171 2724 jam
3200 2653 3372 2708 affricta
3395 2651 3636 2715 consonum

2284 2755 2693 2811 fornicationem
2723 2749 3040 2806 oblectantis
3069 2745 3204 2816 pomi
3240 2743 3474 2798 adulterum
3501 2743 3638 2794 demutat:

2289 2848 2568 2912 meritum,
2620 2844 2837 2914 pollutae.
2864 2839 3135 2896 societatis
3177 2825 3360 2904 nuptias'
3393 2833 3557 2888 celebrat
3574 2831 3638 2882 Adi

2289 2939 2508 2997 Paulum
2541 2937 2696 3006 hujus
2728 2935 2880 2988 mala:
2907 2928 3283 3000 conjugationis
3309 2927 3453 2981 iterum
3474 2919 3636 2975 vinciatur.

2290 3033 2578 3088 midantem
2606 3049 2620 3085 ε
2650 3029 2831 3094 timeo,
2865 3026 3069 3095 inquit,
3099 3038 3164 3077 ne
3185 3022 3306 3077 sicut
3321 3033 3485 3087 serpens
3501 3011 3638 3070 lintris

2291 3124 2425 3179 fellit
2453 3121 2643 3176 astutia
2673 3134 2766 3174 sua
2788 3159 2802 3184 ,
2836 3118 2908 3171 ita
2939 3119 3324 3181 corrumpantur
3355 3111 3642 3161 mentatum:

2289 3216 2627 3285 simplicitate
2654 3220 2708 3267 et
2746 3210 2996 3265 castitate
3025 3222 3140 3276 qua:
3167 3213 3241 3260 est
3269 3203 3315 3257 in
3342 3200 3495 3256 Christo
3512 3196 3582 3249 lcet
3600 3193 3642 3245 Dl-

2291 3284 2438 3364 mino
2481 3313 2682 3360 nostro.
2731 3302 2871 3356 Dum‘
2897 3299 3081 3367 itaque
3119 3296 3168 3349 in
3197 3295 3333 3350 unius
3361 3284 3643 3344 discubitionis‘u-

2293 3408 2589 3455 strumento
2619 3377 2714 3466 (a)'
2735 3392 2918 3464 jactati
2953 3388 3192 3443 diabolus
3217 3395 3264 3439 et
3303 3381 3440 3435 anima
3463 3376 3644 3466 lasciviret,

2295 3493 2517 3549 invitato
2548 3460 2764 3542 Jesu'...v.
2797 3484 2922 3538 dum
2975 3483 3097 3534 vino
3141 3477 3336 3531 luxurias
3373 3460 3647 3525 defeceruntftt-

2254 3646 2256 3648 _
2295 3583 2466 3640 netrix
2506 3587 2678 3634 autem
2720 3575 2918 3630 Christi
2963 3572 3078 3638 illa,
3110 3585 3220 3640 quae
3249 3562 3470 3622 facinerosi
3497 3561 3647 3626 throno

2296 3677 2438 3732 bitus
2467 3682 2674 3742 pactum
2703 3666 3006 3729 exhorruit,
3039 3677 3154 3732 quae
3179 3674 3275 3715 non
3297 3657 3432 3713 solum
3459 3663 3593 3718 corpore
3605 3660 3647 3698 it-

2255 3833 2257 3836 .
2299 3783 2415 3824 rum
2443 3766 2601 3820 etiam
2627 3770 2804 3816 mente
2834 3761 2988 3824 virgo
3015 3742 3312 3825 permansit,
3337 3742 3647 3832 interemimus.

2299 3861 2606 3916 conditione
2644 3852 2854 3925 generis
2884 3866 2993 3904 non
3035 3844 3399 3918 participatione
3429 3828 3652 3896 criminati?-

2257 4013 2260 4017 ,
2300 3949 2552 4004 versitate
2580 3942 2835 4000 nascendi
2879 3956 2987 3994 non
3031 3939 3273 3994 societate
3308 3927 3653 4017 peccandum--

2259 4099 2262 4101 ,
2301 4040 2537 4104 Christo,
2567 4051 2672 4091 non
2698 4049 2817 4104 qua:
2839 4031 3042 4087 mundo
3065 4026 3361 4114 coqsentiret
3377 4016 3552 4114 jucunde.

2375 4130 2498 4185 llaec
2535 4127 2696 4197 igitur
2722 4103 2892 4178 mater
2921 4119 3118 4176 Christi
3138 4103 3339 4186 iongum
3371 4108 3502 4166 mundi
3532 4103 3659 4156 mitem

2305 4223 2569 4284 laborem,
2601 4233 2720 4288 qum
2748 4231 2807 4271 se
2837 4221 3060 4269 noverat
3097 4212 3162 4266 de
3193 4206 3379 4278 palmite
3418 4200 3502 4254 fidei
3531 4203 3658 4262 πειεει

2307 4314 2613 4369 duxisse....
2642 4309 2852 4364 botrum
2873 4346 2887 4369 ,
2917 4320 2946 4359 a
2976 4304 3188 4375 proprio
3209 4299 3412 4370 germine
3444 4290 3660 4357 capitulis

2258 4459 2262 4462 .
2309 4421 2432 4463 cere
2458 4407 2658 4459 vinum.
2686 4399 2912 4469 Quando
2938 4406 3115 4451 autem
3137 4390 3308 4460 angelo
3332 4382 3663 4444 credidit,tiuctw

2309 4498 2510 4553 mundo
2529 4489 2793 4564 suggessit
2811 4505 2825 4544 :
2847 4500 2973 4543 tunc
2991 4485 3253 4541 inchoavit
3268 4493 3401 4549 agere
3414 4471 3538 4564 seculi

711 4583 919 4648 Videte,
958 4552 1177 4645 fratres,
1202 4552 1392 4649 quanta
1437 4581 1506 4633 sit
1549 4579 1718 4633 virtus
1757 4579 2114 4648 jejuniorum,
2145 4557 2245 4632 ut]

2145 4586 2206 4632 ἠ
2234 4557 2286 4619 D
2310 4585 2521 4657 (ιυοιιάο
2543 4552 2658 4638 liciti
2675 4581 2961 4651 trepidavit
2984 4578 3050 4632 ad
3079 4574 3323 4630 nuntium.
3347 4569 3453 4621 Ecce
3469 4552 3678 4657 enimjnci‘ir

637 4677 689 4731 id
711 4675 919 4730 valeant
944 4674 1140 4743 jejunia
1172 4671 1373 4737 facere,
1399 4671 1536 4741 quod
1569 4670 1791 4741 apostoli
1821 4669 2203 4741 nequiverunt.

638 4767 982 4821 Dimittantur
1002 4774 1180 4818 vetera
1201 4780 1215 4828 ;
1238 4763 1601 4832 unusquisque
1622 4775 1679 4816 se
1700 4763 1872 4830 ipsum
1895 4759 2210 4814 consideret

638 4868 692 4912 et
730 4855 1019 4925 perpendat
1048 4863 1245 4922 quanta
1274 4853 1342 4907 sit
1381 4852 1567 4907 orandi
1599 4851 1895 4906 differentia
1941 4851 2081 4906 inter
2114 4864 2208 4926 va—

641 4967 797 5007 cuum
828 4960 1064 5005 ventrem
1095 4957 1150 5004 et
1187 4947 1476 5012 refectum,
1506 4948 1641 5002 inter
1685 4946 1965 5001 rubentem
2014 4944 2208 4999 faciem

643 5054 692 5097 et
717 5056 803 5096 or.)
837 5040 1080 5108 pallentia
1101 5079 1114 5101 ,
1145 5039 1282 5093 inter
1308 5039 1529 5092 salivam
1560 5036 1816 5104 virginem
1844 5044 1898 5089 et
1927 5034 2068 5088 labia
2097 5047 2214 5089 cra-

647 5133 783 5203 pulis
826 5131 1109 5198 dissoluta,
1155 5130 1292 5185 inter
1333 5142 1644 5197 Oppressum
1688 5126 1862 5196 epulis
1907 5140 2122 5181 sensum
2162 5131 2220 5179 et

647 5223 840 5280 inedia:
881 5223 1135 5277 tenuitate
1190 5221 1514 5288 vigilantem.
1560 5218 1675 5274 Non
1718 5219 1836 5274 dico
1873 5217 2138 5287 duplicata
2166 5225 2220 5271 et

548 5349 566 5364 -
651 5314 1002 5386 multiplicata
1034 5313 1266 5382 jejunla,
1300 5326 1403 5365 non
1429 5311 1546 5365 dico
1577 5307 1959 5372 hebdomadas,
1991 5307 2085 5361 sed
2115 5309 2221 5361 sal-

653 5420 756 5464 tem
803 5405 1038 5476 singulos
1067 5404 1181 5457 dies
1211 5402 1411 5471 absque
1439 5400 1677 5456 ciborum
1723 5397 1927 5452 luxuria
1960 5395 2222 5465 transiga-

653 5515 787 5556 tnus.
823 5496 1044 5553 Cessent
1073 5493 1315 5556 lavacra,
1347 5491 1496 5557 vina,
1540 5491 1624 5546 vel
1664 5487 1904 5554 deliciae;
1947 5501 2053 5541 non
2084 5483 2225 5556 quod

661 5601 958 5650 creaturam
993 5586 1084 5642 Dei
1111 5584 1406 5656 iudicemus
1434 5597 1553 5641 esse
1579 5578 1966 5645 damnandam;
1998 5576 2091 5633 sed
2133 5575 2224 5647 qui

726 5723 803 5862 (ag
845 5722 981 5790 Num
1011 5735 1110 5790 pro
1135 5719 1443 5776 stramento?

726 5795 775 5861 (b
839 5791 912 5846 ita
943 5791 1088 5858 cod.,
1119 5791 1311 5861 {acinus
1341 5788 1441 5855 feci

725 5782 798 5861 (ὁ)
839 5786 912 5846 ita
943 5782 1088 5858 ξοδ..
1119 5791 1311 5861 {acinus
1341 5786 1592 5855 iocineris,
1627 5795 1684 5840 ut
1713 5785 1896 5858 pignus
1927 5782 2165 5856 pigneris.

2314 4680 2552 4742 Domini,
2588 4678 2676 4731 fiat
2717 4676 2844 4729 mihi
2877 4671 3166 4728 secundum
3196 4666 3385 4721 verbum
3419 4646 3670 4742 humi:

2313 4731 2725 4826 semine'saucti
2769 4764 3002 4833 Spiritus
3052 4765 3318 4830 propagata
3345 4751 3388 4805 in
3421 4745 3517 4800 saltu
3548 4731 3672 4803 amisii

2313 4860 2575 4931 primitiva
2600 4857 2722 4911 vitis
2747 4853 3003 4918 effloruit,
3031 4864 3148 4920 quae
3177 4839 3453 4900 umbraculis
3467 4840 3604 4901 opacat:
3624 4836 3673 4931 cf

2263 5006 2269 5010 ,
2315 4925 2534 5007 iestibus
2564 4946 2965 5002 subfrondet....
3003 4944 3086 4995 nis
3113 4937 3356 4994 occultum
3381 4931 3534 4984 bonum
3551 4925 3673 4987 NW

2322 5045 2418 5097 vit.
2444 5039 2698 5110 Pependit
2723 5039 2867 5094 salus
2890 5038 2941 5090 in
2964 5033 3086 5088 fidei
3115 5031 3279 5100 apice,
3303 5035 3350 5081 et
3370 5019 3514 5089 lurguit

2326 5134 2462 5188 Ecce
2493 5131 2826 5203 postmodum
2855 5144 2918 5184 ex
2950 5124 3183 5182 matricis
3208 5131 3346 5176 utero
3382 5121 3558 5169 racemus

2325 5193 2868 5293 prolis.auimatus....
2902 5225 3054 5272 natus
3099 5222 3202 5269 est.
3229 5210 3436 5264 Christus
3457 5213 3564 5254 verus

2325 5287 2627 5372 continebat
2673 5311 2919 5383 equidem
2967 5309 3104 5363 intra
3147 5319 3204 5360 se
3229 5304 3342 5356 vitae
3381 5287 3680 5383 vinum-mm?

2326 5369 2625 5463 accesserat
2649 5369 2876 5474 prelum.
2909 5399 3040 5456 Dicit
3065 5406 3230 5452 mater
3253 5393 3388 5462 ejus:
3412 5369 3682 5474 Vinttttiltfﬂi:i

2327 5497 2472 5554 bent.
2507 5495 2552 5552 0
2580 5465 2725 5565 virgo
2757 5488 3168 5563 sapientissime!
3210 5480 3354 5540 modo
3384 5465 3564 5534 ωετυωι

2329 5551 2505 5643 natant
2525 5551 2771 5643 sobo‘l‘etn
2811 5551 2885 5654 (ἒ)
2933 5590 3230 5652 procreare,
3252 5581 3304 5630 et
3333 5572 3424 5642 jam
3453 5551 3684 5621 boum-"ﬂ

2401 5716 2474 5792 (c)
2511 5715 2667 5783 Cod.,
2682 5714 2927 5773 subuoem.
