4018 6518
197 408 321 466 1145

1094 392 1322 451 SERMO
1361 392 1450 448 DE
1489 388 1679 459 AQUA
1716 384 1783 442 ιΝ
1824 382 2042 443 νιΝυΜ
2078 384 2457 444 CONVERSA.

3278 386 3418 443 HIC

193 516 503 591 exprimere?
534 514 790 583 Equidem
808 474 921 568 non
952 519 1124 581 potest
1144 510 1243 564 nisi
1271 522 1490 581 germen
1516 501 1741 577 germini
1765 501 1823 562 Α
1845 500 2018 591 alieno
2060 504 2175 558 viro
2224 503 2422 573 polluta
2462 504 2767 573 cubitabat,
2798 504 3092 575 repentinis
3131 517 3161 558 a
3201 502 3417 560 Christo

191 616 413 678 obviare,
440 617 495 666 et
524 608 748 681 (palmiti
776 608 895 675 suo)
928 607 1195 661 resistere.
1226 604 1332 657 Sed
1363 602 1452 671 qui
1483 600 1550 654 de
1596 598 1740 666 ligno

190 704 375 773 carpsit
411 699 722 769 supplicium
744 740 759 764 ,
803 697 855 750 in
898 696 1039 765 ligno
1069 694 1226 749 debet
1254 700 1535 761 expectare
1574 701 1743 743 reme-

191 796 354 857 dium;
386 800 436 846 et
463 789 550 859 qui
581 789 632 842 in
664 787 852 842 arbore
881 786 1131 840 inlicitam
1172 781 1484 850 demessuitj
1507 780 1739 850 frugem,

190 893 455 958 expectare
486 880 563 953 (c)
589 880 746 935 debet
774 878 841 933 ad
889 891 1130 941 crucem,
1173 882 1230 929 ut
1278 874 1462 929 ubi....
1492 873 1747 926 hauserat

189 976 495 1040 siccitatem,
529 971 600 1025 ibi
630 969 812 1039 salutis
838 967 1063 1037 accipiat
1092 966 1379 1036 potionem.
1405 963 1630 1028 Vinum,
1658 962 1745 1017 in-

188 1066 319 1137 quit,
341 1078 442 1119 non
474 1061 688 1117 habent.
719 1060 933 1114 Attende
956 1058 1125 1128 virgo,
1160 1056 1456 1125 paulisper,
1482 1063 1746 1125 praeparet

184 1160 378 1231 judaeus
424 1157 659 1226 lignum,
690 1152 976 1209 descendat
1004 1151 1183 1207 clavus
1221 1151 1275 1205 in
1318 1148 1563 1212 botrum,
1594 1155 1743 1204 et....

186 1252 367 1321 poterit
397 1247 603 1303 vinum.
633 1245 774 1314 Quid
816 1252 941 1300 ante
972 1252 1183 1313 tempus
1220 1241 1393 1297 curris
1418 1239 1486 1294 ad
1532 1238 1703 1294 lacum
1724 1276 1740 1302 ,

183 1355 294 1396 cum
322 1337 542 1393 necdum
570 1335 901 1405 impresserit
924 1333 1087 1389 Judas
1113 1341 1421 1403 protervum
1448 1344 1613 1400 super
1642 1343 1744 1384 uva

182 1431 515 1488 calcaneum?
544 1429 660 1499 Ipse
689 1438 769 1483 est
813 1428 953 1483 enim
996 1426 1085 1482 ille
1120 1424 1284 1481 Judas
1326 1425 1620 1479 destructor
1657 1435 1745 1477 sa-

182 1536 335 1581 cratzc
360 1523 663 1587 vindemiae,
689 1520 777 1590 qui
809 1518 1001 1574 °XXX-
1026 1526 1211 1589 pactus
1238 1516 1503 1587 argenteis
1532 1515 1744 1569 botrum

180 1617 365 1673 divinae
404 1615 571 1684 prolis
612 1613 891 1682 judaeis...,
929 1611 1106 1680 impiis
1159 1608 1484 1666 venundavit
1528 1606 1623 1679 (ὁ).
1669 1606 1747 1663 De

179 1725 276 1778 quo
298 1709 348 1763 in
376 1707 595 1777 psalmis
617 1706 725 1775 jam
755 1704 924 1759 fuerat
947 1704 1282 1759 decantatum
1306 1718 1320 1754 :
1351 1700 1480 1756 Nam
1502 1707 1558 1755 et
1586 1700 1746 1755 homo

1844 589 2116 648 haustibus
2137 604 2463 650 muneratur.
2486 594 2785 652 Transeunt
2805 594 2872 649 ad
2891 594 3163 650 Christum
3192 596 3417 665 nuptia.

1841 683 1941 750 Qui
1985 686 2128 740 enim
2174 687 2392 754 vitavit,
2443 689 2559 757 ipse
2603 688 2826 743 dotavit.
2886 689 3127 757 Arripuit
3172 688 3421 746 Christus

1843 776 2171 842 convivium,
2196 786 2249 832 et
2278 778 2515 833 Ecclesia
2540 779 2765 833 mutavit
2788 792 3063 847 sponsum.
3093 778 3245 835 Pavit
3266 779 3420 836 Chri-

1844 878 1978 932 stus,
2009 875 2065 924 et
2091 870 2339 925 exclusus
2367 879 2450 926 est
2492 871 2763 927 inimicus.
2797 872 3002 927 Miscuit
3031 874 3113 928 sui
3145 874 3421 944 sanguinis

1844 959 2112 1029 potionem
2128 1000 2145 1028 ,
2169 970 2223 1016 et
2241 961 2393 1017 duxit
2414 976 2651 1018 uxorem.
2680 964 2867 1033 Aptavi
2897 964 3067 1032 inquit
3091 978 3186 1019 vos
3206 976 3420 1035 aposto—

1844 1050 1926 1107 lus
1954 1052 2042 1106 uni
2069 1051 2182 1106 viro
2205 1053 2467 1122 virginem
2492 1064 2690 1109 castam
2733 1055 2985 1112 exhibere
3011 1055 3249 1112 Christo.
3283 1058 3418 1112 Ecce

1844 1141 1935 1197 illa
1963 1143 2228 1212 quondam
2267 1143 2491 1200 fecunda
2542 1161 2682 1201 nunc
2722 1146 2979 1213 formosa,
3011 1158 3134 1204 ante
3177 1149 3418 1206 adultera

1846 1248 1987 1290 nunc
2015 1244 2279 1302 matrona,
2306 1244 2409 1291 stat
2436 1251 2467 1291 a
2489 1237 2691 1293 dextris
2720 1238 2812 1295 Dei
2835 1240 2886 1293 in
2920 1240 3110 1296 vestitu
3138 1240 3413 1307 deaurato,

1844 1324 2241 1382 circumamicta
2278 1327 2558 1395 varietate,
2598 1344 2697 1398 per
2744 1344 2936 1399 aquam
2984 1330 3269 1397 mundata,
3323 1348 3419 1403 per

1843 1418 2155 1491 sanguinem
2204 1428 2526 1489 purpurata,
2576 1434 2670 1488 per
2718 1422 3161 1477 resurrectionem
3212 1424 3420 1480 Domini

1845 1513 2146 1579 candidate,
2180 1512 2423 1582 pretiosis
2458 1513 2681 1583 gemmis
2710 1515 2893 1584 gratiae
2920 1514 3173 1571 varietate
3209 1516 3298 1587 (ι’)
3324 1534 3337 1569 :
3368 1524 3423 1574 et

1844 1606 1985 1662 sicut
2015 1605 2149 1660 dixit
2173 1606 2479 1675 Scriptura,
2515 1603 2645 1660 fulvi
2673 1612 2798 1660 sunt
2825 1606 2964 1662 oculi
2990 1605 3107 1675 ejus
3132 1620 3162 1661 a
3192 1608 3341 1675 vino,
3367 1617 3426 1664 et

1845 1700 2032 1755 dentes
2060 1699 2177 1769 ejus
2204 1700 2540 1755 candidiores
2568 1690 2696 1755 sunt
2738 1700 2895 1755 lacte.
2929 1699 3180 1754 Potemus
3204 1714 3345 1769 ergo
3372 1707 3428 1756 et

180 1802 315 1871 pacis
360 1814 524 1864 mem,
574 1798 625 1852 in
670 1811 827 1865 quem
883 1795 1127 1865 speravi,
1174 1794 1265 1865 qui
1311 1793 1503 1849 edebat
1552 1806 1744 1862 panem
1785 1869 1795 1871 Α
1847 1804 1945 1845 nos
1969 1790 2151 1846 vinum
2179 1791 2295 1860 ejus
2316 1805 2438 1845 cum
2472 1790 2609 1846 lacte
2637 1792 2775 1859 ejus,
2807 1791 2854 1845 si
2881 1790 3126 1845 volumus
3153 1799 3205 1845 et
3240 1792 3292 1844 in
3323 1788 3428 1847 tida

178 1869 375 1956 meum,
400 1890 682 1959 ampliavit
703 1902 863 1957 super
885 1902 971 1942 me
989 1886 1317 1941 calcaneum.
1343 1884 1550 1950 Aderit,
1574 1885 1745 1954 virgo,
1777 1869 1825 1930 Β
1852 1887 2248 1955 pulchrescere,
2275 1895 2329 1941 et
2359 1886 2410 1940 in
2460 1888 2655 1942 virtute
2700 1885 3040 1950 candescere,
3069 1894 3123 1940 et
3153 1886 3205 1940 in
3237 1893 3426 1942 ornatu

174 1991 311 2036 certa
341 1981 456 2035 dies
487 1994 589 2049 qua
624 1985 893 2048 prematur
920 1976 1121 2031 fructus
1151 1984 1294 2039 tuus,
1327 1982 1383 2028 et
1410 1984 1554 2028 tuam
1581 1971 1749 2041 ipsius

172 2075 394 2128 animam
444 2080 782 2140 pertranseat
828 2070 1067 2140 gladius,
1103 2076 1160 2123 ut
1210 2067 1505 2123 constiterit
1553 2066 1620 2121 de
1662 2067 1749 2122 bo-

171 2174 284 2221 truo
316 2164 387 2236 (c)
429 2164 694 2235 pendente
718 2178 873 2232 quem
906 2160 1215 2232 profuderas
1241 2174 1307 2219 ex
1335 2159 1532 2215 radice.

241 2255 463 2320 Vinum,
496 2255 684 2322 inquit,
715 2268 819 2307 non
852 2253 1064 2308 habent.
1090 2252 1159 2308 Et
1185 2251 1311 2307 Iesu
1333 2267 1352 2306 :
1376 2250 1511 2318 Quid
1538 2249 1668 2306 mihi
1693 2259 1749 2307 et

168 2348 257 2401 tibi
283 2355 393 2409 est,
427 2344 654 2399 mulier?
684 2344 926 2399 Nondum
972 2344 1119 2399 venit
1158 2343 1286 2399 hora
1318 2359 1529 2399 mea....
1554 2342 1747 2414 Utique

165 2454 266 2494 non
296 2440 382 2491 luti
406 2435 494 2507 ((1)
522 2437 614 2491 sed
641 2436 748 2490 voti
780 2437 908 2490 hora
927 2478 941 2501 ,
973 2450 1079 2490 non
1111 2435 1444 2491 necessitatis
1474 2434 1743 2503 imposita:

165 2531 253 2585 sed
287 2529 583 2603 voluntatis
607 2527 960 2597 impensze....
992 2542 1095 2583 non
1126 2543 1231 2597 quo
1260 2536 1542 2597 cogeretur
1572 2527 1741 2591 mori,

162 2622 252 2678 sed
285 2638 391 2691 quo
435 2635 535 2690 pro
575 2620 773 2674 mundo
804 2620 1111 2689 dignaretur
1139 2621 1289 2675 mori.
1337 2619 1475 2685 Ouid
1519 2619 1650 2674 mihi
1691 2627 1745 2675 et

162 2716 281 2780 tibi,
314 2715 544 2769 mulier?
573 2717 653 2768 An
680 2714 873 2768 oblitus
898 2728 956 2768 es
987 2714 1340 2769 matrem
1366 2712 1446 2767 An
1479 2712 1744 2768 discernis

158 2806 452 2877 potentiam
488 2804 755 2858 tuam?....
782 2812 952 2859 neret.
988 2804 1136 2858 Nulla
1173 2814 1254 2859 est
1285 2804 1374 2857 tibi
1417 2819 1536 2859 cum
1573 2815 1743 2858 matre

155 2898 555 2953 communitas?
597 2900 811 2952 An....
856 2896 996 2952 oculi
1049 2897 1122 2951 tui
1168 2896 1400 2953 debu....
1452 2895 1742 2967 maiestas?

154 2991 471 3048 Creatorem
521 3000 571 3046 te
614 2990 896 3059 designes?
941 2989 1022 3043 An
1070 2988 1290 3044 cred....
1318 3003 1460 3042 nunc
1504 2988 1737 3044 locui....

157 3091 359 3139 ctorem
406 3081 706 3150 propellere
743 3083 1027 3135 instinc....
1062 3080 1271 3147 periere
1301 3079 1740 3135 nefandissim....

152 3186 289 3243 opus
320 3173 455 3227 dum
483 3187 694 3228 cum....
726 3173 824 3225 asti
861 3170 1205 3239 praestigium.
1240 3169 1439 3223 Extulit
1468 3170 1555 3224 hic
1581 3172 1737 3225 Chri-

150 3270 266 3317 stus
312 3278 485 3332 super
531 3270 751 3316 matrem
796 3261 1129 3315 divinitatem
1169 3275 1340 3315 suam.
1388 3259 1499 3315 Non
1534 3261 1741 3332 negavit

145 3362 383 3409 matrem
414 3368 599 3418 suam,
633 3368 803 3422 neque
831 3367 889 3407 se
929 3360 1107 3406 natum
1140 3353 1354 3422 negavit
1382 3367 1412 3407 e
1438 3368 1618 3417 carne,
1644 3354 1738 3410 sed

146 3445 427 3515 majestati
481 3458 589 3497 suae
639 3459 786 3497 suam
829 3442 1064 3498 subdidit
1108 3443 1449 3511 genetricem.
1504 3444 1570 3498 Et
1617 3444 1737 3500 ideo

106 3570 107 3573 η
142 3536 216 3592 ait
246 3554 261 3589 :
297 3534 446 3602 Quid
492 3535 619 3589 mihi
653 3545 707 3588 et
734 3535 856 3598 tibi,
889 3535 1114 3589 mulier?
1141 3533 1383 3589 Nondum
1423 3536 1568 3590 venit
1611 3537 1740 3593 hora

142 3644 287 3685 mea.
311 3628 370 3681 In
398 3625 659 3680 miraculo
676 3626 815 3681 enim
839 3626 1011 3681 deitas
1035 3636 1205 3680 matre
1222 3626 1376 3681 altior
1396 3626 1737 3697 praedicatur;

142 3723 195 3777 in
244 3722 389 3776 hora
436 3728 612 3773 autem
632 3761 647 3785 ,
680 3720 865 3774 mortis
893 3718 1243 3773 communitas
1275 3717 1566 3773 intimatur.
1601 3720 1740 3775 Inte—

147 3816 249 3870 rim
284 3812 547 3868 Christus
576 3810 832 3880 insipidos
863 3810 1083 3864 haustus
1114 3809 1373 3865 meriflcat
1403 3808 1474 3883 (c)
1516 3829 1529 3864 :
1564 3811 1738 3868 fatuus

142 3903 285 3960 latex
315 3901 648 3957 fundebatur
670 3899 722 3955 in
746 3898 981 3971 hydrias,
1001 3908 1058 3954 et
1083 3898 1461 3955 hauriebantur
1482 3899 1740 3955 inebriata

142 3996 393 4051 flumina.
431 3992 564 4058 Quae
602 4000 686 4047 est
724 3992 823 4046 ista
870 3999 975 4045 tam
1020 3991 1297 4060 repentina
1327 3992 1650 4046 conversio?
1680 3992 1739 4048 In

141 4104 279 4159 aqua
312 4088 505 4141 vinum
540 4084 794 4150 nascitur,
826 4084 879 4137 in
924 4082 1061 4163 unda
1107 4096 1267 4152 sapor
1311 4082 1538 4138 latenter
1564 4084 1741 4138 exori-

140 4196 269 4240 tur:
331 4182 610 4252 germinat
634 4181 868 4235 suavitas
897 4180 951 4234 in
986 4180 1143 4246 vinis,
1175 4186 1229 4234 et
1256 4192 1513 4248 nusquam
1547 4176 1737 4233 fructi-

142 4276 268 4329 ticat
296 4273 469 4337 vitis;
515 4271 653 4325 nulla
682 4269 998 4339 exprimitur
1024 4282 1150 4333 uva,
1180 4276 1237 4323 et
1276 4267 1584 4323 fervescunt
1621 4267 1740 4323 sine

141 4366 370 4435 palmite
395 4366 522 4416 vina

208 4457 255 4511 Ο
287 4454 478 4522 magni
522 4451 857 4521 pulchritudo
902 4451 1176 4507 miraculi!
1219 4452 1531 4507 lnseruntur
1572 4451 1738 4507 divini

137 4546 406 4617 praecepti
440 4544 606 4610 vires,
628 4552 681 4599 et
714 4544 766 4597 in
798 4558 933 4613 aqua
964 4544 1197 4598 nascitur
1225 4543 1447 4600 fructus.
1476 4545 1589 4600 Hoc
1616 4545 1741 4600 fecit

134 4641 394 4696 Christus
428 4638 485 4692 in
518 4638 692 4703 latice,
724 4636 865 4705 quod
892 4646 1040 4691 certo
1085 4645 1324 4704 tempore
1351 4634 1482 4692 facit
1525 4638 1577 4692 in
1607 4638 1737 4693 vite.

133 4731 268 4800 Quis
299 4732 455 4786 enim
484 4728 621 4782 alius
647 4726 877 4782 radicem
903 4742 965 4781 ex
996 4727 1163 4781 imbre
1189 4728 1433 4782 maritat?
1458 4728 1584 4796 Quis
1605 4729 1740 4785 alius

136 4841 232 4893 per
272 4824 529 4879 occultas
576 4834 828 4874 venarum
876 4819 1037 4873 ﬁbras
1079 4819 1320 4874 stellatos
1367 4821 1613 4889 palmites
1658 4822 1738 4875 la-

131 4916 338 4985 queat?
362 4912 505 4981 Quis
538 4919 812 4980 turgentes
844 4909 1029 4965 botros
1055 4924 1116 4965 ac
1138 4909 1283 4965 velut
1311 4911 1361 4964 in
1391 4911 1569 4979 apices
1592 4926 1741 4982 gem-

134 5018 318 5061 matos
373 5002 711 5073 impinguat,
742 5001 843 5055 nisi
882 5001 927 5054 is
969 4999 1062 5069 qui
1110 5000 1356 5055 universa
1408 5012 1657 5070 provocat
1684 5012 1740 5060 et

132 5093 509 5167 multiplicat?
540 5103 592 5145 ut
619 5092 759 5161 quod
786 5092 1132 5162 adstringitur
1158 5091 1209 5145 in
1242 5092 1447 5147 semine
1476 5093 1740 5149 diﬂ‘unda-

131 5201 223 5245 tur
261 5191 317 5243 in
352 5178 631 5258 germine,
659 5193 713 5239 et
743 5182 881 5251 quod
916 5184 1045 5237 latet
1084 5184 1137 5236 in
1180 5173 1347 5252 grano
1386 5184 1638 5239 silvescat
1685 5184 1741 5241 in

129 5282 283 5338 folio.
336 5281 557 5336 Interea
608 5274 867 5342 Ecclesia,
900 5288 1017 5343 qua
1062 5274 1117 5328 in
1165 5287 1347 5328 mensa
1388 5274 1568 5329 saeculi
1617 5288 1740 5330 cum

205 5435 644 5512 (a)_Expectnr_e_
691 5429 1165 5512 proneptecttrredn
1212 5429 1331 5512 aliis
1375 5445 1584 5512 quoque
1631 5431 1739 5489 vidi

128 5500 747 5566 interdum'codicibu‘s.
776 5500 885 5557 Nisi
910 5500 1046 5556 forte
1072 5508 1288 5570 praestat
1306 5502 1541 5558 scribere
1560 5517 1741 5574 expec-

128 5589 244 5634 tare
274 5595 309 5632 a
342 5589 531 5633 cruce.

334 5647 425 5773 ἐξ
606 5712 803 5789 botruo.
837 5709 902 5789 ξι
937 5709 1151 5789 quidem
1175 5708 1477 5789 a_llqu0ties,
1508 5711 1602 5769 sed
1633 5726 1740 5770 non

129 5778 496 5849 constanter,
524 5780 728 5837 botrum
759 5788 814 5836 et
840 5778 1075 5850 botrimttt
1098 5781 1156 5839 in
1200 5778 1301 5838 ho'c
1341 5778 1610 5850 sernione,
1643 5798 1741 5841 nec

129 5875 244 5916 nun
272 5854 419 5915 alibi
455 5851 598 5922 apud
627 5849 1003 5923 Augustinum.

1848 1986 2044 2033 sanctae
2073 1977 2333 2033 Ecclesiae
2358 1976 2586 2032 radiare.

1917 2072 2155 2143 Accipite
2197 2072 2398 2142 grande
2443 2070 2584 2126 aliud
2630 2086 2659 2125 a
2709 2085 2874 2141 parvo
2932 2072 3263 2143 mysterium.
3311 2071 3426 2128 Ali-

1848 2164 2065 2234 quando
2092 2172 2145 2219 ct
2171 2164 2351 2220 Judaaa
2379 2164 2561 2219 vinum
2592 2164 2643 2218 in
2672 2164 2917 2220 convivio
2943 2178 3041 2219 suo
3073 2178 3175 2219 non
3208 2163 3424 2232 habuit,

1802 2286 1805 2287 ν
1845 2256 1967 2326 quia
2013 2270 2207 2310 munus
2249 2255 2442 2310 sacrati
2488 2254 2762 2326 sanguinis
2807 2270 2912 2310 non
2943 2255 3184 2325 accepit;
3217 2264 3272 2311 et
3299 2256 3426 2313 dum

1847 2342 1950 2414 legi
1983 2344 2240 2411 nuberet,
2275 2359 2377 2397 non
2410 2344 2618 2399 invenit
2640 2344 2860 2400 omnino
2886 2346 3026 2416 quod
3059 2346 3286 2403 biberet.
3320 2347 3426 2403 Ve-

1846 2436 1925 2491 nit
1953 2434 2218 2504 Christus,
2254 2436 2477 2491 mutavit
2506 2435 2679 2506 legem
2708 2436 2758 2490 in
2788 2438 3010 2508 gratiam
3031 2478 3046 2502 ,
3081 2438 3224 2493 illam
3278 2440 3426 2494 infla-

1845 2529 2062 2596 tricem,
2095 2528 2250 2583 istam
2277 2526 2615 2599 adjutricem.
2653 2528 2808 2584 Fudit
2840 2530 2891 2584 in
2934 2530 3105 2599 legem
3148 2532 3425 2602 sanguinis

1854 2622 2137 2691 poculum,
2168 2631 2223 2677 et
2255 2620 2376 2676 fecit
2404 2620 2679 2676 moriendo
2706 2619 3309 2677 convivium.‘Gustavit
3344 2637 3427 2678 πε

1846 2710 2200 2773 chitriclinus,
2235 2710 2289 2765 id
2333 2719 2417 2765 est
2460 2710 2642 2765 mundi
2692 2709 2969 2774 Dominus,
3012 2724 3201 2779 aquam
3250 2711 3428 2768 vinum

1844 2802 2037 2860 factam
2059 2846 2075 2871 ,
2103 2813 2156 2859 et
2180 2802 2349 2857 dicit:
2377 2802 2561 2857 Omnis
2591 2801 2749 2856 homo
2770 2802 2997 2871 primum
3024 2801 3204 2856 vinum
3234 2801 3429 2858 bonum

1844 2902 2026 2971 ponit,
2057 2906 2111 2953 et
2135 2911 2255 2952 cum
2282 2895 2527 2951 inebriati
2562 2893 2759 2950 fuerint
2785 2894 3050 2959 homines.
3080 2895 3130 2948 id
3160 2895 3302 2965 quod
3334 2895 3428 2951 de-

1844 2989 2008 3047 terius
2053 2998 2171 3055 est;
2210 2998 2264 3043 tu
2304 2997 2483 3042 autem
2526 2984 2752 3041 servasti
2795 2984 2975 3039 vinum
3025 2984 3220 3039 bonum
3265 2999 3428 3055 usque

1844 3084 2037 3138 adhuc.
2064 3083 2128 3138 Et
2158 3084 2242 3139 lex
2270 3083 2410 3138 enim
2442 3092 2645 3149 sancta,
2677 3091 2733 3137 ut
2761 3082 3066 3137 mandatum
3096 3091 3346 3135 sanctum
3375 3090 3429 3136 et

1842 3176 2039 3244 justum
2084 3184 2139 3228 et
2186 3175 2414 3240 bonum;
2461 3175 2557 3230 sed
2607 3176 2688 3230 lex
2736 3160 3107 3244 et'prophetee
3153 3189 3321 3242 usque
3359 3173 3426 3229 ad

1842 3264 2098 3322 Joannem
2124 3264 2605 3335 praphetaverunt;
2631 3274 2687 3319 et
2709 3264 2829 3317 ideo
2849 3264 3163 3320 adveniente
3193 3265 3419 3318 Domino

1844 3358 1966 3413 vina
2013 3357 2265 3411 mosetica
2308 3356 2653 3422 defecerunt,
2696 3363 2752 3410 et
2794 3355 2919 3409 vina
2967 3354 3237 3424 sanguinis
3287 3340 3445 3422 pro—i

1842 3448 2126 3504 fluxerunt.
2186 3447 2277 3503 Illa
2330 3455 2648 3516 acceperunt
2699 3446 3016 3513 terminum,
3060 3446 3159 3499 ista
3211 3458 3425 3517 sumse-

1840 3550 1964 3595 runt
1992 3539 2222 3594 initium.
2264 3538 2499 3609 Denique
2541 3538 2643 3594 hoc
2669 3547 2750 3593 est
2774 3538 2979 3592 initium
3011 3537 3284 3607 signorum
3311 3553 3427 3609 qum

1840 3632 1966 3690 fecit
1996 3632 2171 3698 Jesus,
2202 3632 2411 3702 quando
2440 3633 2583 3701 pavit
2618 3638 2804 3702 gentes
2850 3631 3082 3697 occisus,
3110 3638 3164 3685 et
3191 3630 3260 3685 de
3304 3631 3428 3687 vino

1842 3725 1925 3780 sui
1952 3723 2227 3793 sanguinis
2250 3723 2379 3778 fecit
2403 3722 2711 3778 convivium
2740 3722 3068 3777 vulneratus.

1911 3814 2064 3869 Hunc
2093 3814 2306 3869 botrum
2335 3813 2387 3867 in
2421 3822 2565 3868 terra
2596 3811 2966 3882 promissionis
3011 3826 3106 3866 seu
3136 3810 3189 3865 in
3226 3815 3427 3881 cespite

1840 3907 2160 3979 virginitatis
2181 3917 2423 3963 exortum
2440 3947 2458 3973 ,
2482 3906 2767 3977 aliquando
2787 3906 3001 3960 Judzens
3024 3906 3073 3961 in
3101 3906 3319 3977 palanga
3343 3906 3427 3978 (ει)

1842 4008 2094 4068 tanquam
2139 3998 2193 4052 in
2242 3997 2504 4068 pmsagio
2549 3996 2740 4051 futurae
2785 3996 2959 4051 crucis
3008 3996 3284 4063 inﬁxerat,
3326 3997 3427 4051 sub

1840 4103 1947 4159 quo
1969 4095 2303 4153 curvaretur,
2327 4102 2431 4143 non
2455 4102 2521 4142 ex
2545 4101 2651 4156 quo
2676 4086 3008 4141 reﬁceretur.
3039 4084 3155 4139 Jam
3183 4086 3325 4140 enim
3352 4085 3421 4141 de

1840 4180 1919 4235 eis
1965 4180 2198 4248 psalmus
2245 4180 2415 4234 fuerat
2461 4179 2782 4248 praelocutus
2819 4194 2834 4230 :
2868 4176 3237 4232 Obscurentur
3278 4178 3421 4233 oculi

1839 4283 2026 4325 eorum
2052 4284 2118 4324 ne
2139 4268 2382 4333 videant,
2408 4278 2463 4323 et
2483 4267 2706 4323 dorsum
2732 4281 2917 4322 eorum
2941 4280 3154 4335 semper
3179 4266 3418 4321 incurva.

1842 4361 2134 4418 Portabant
2163 4362 2321 4433 igitur
2350 4361 2560 4416 botrum
2587 4360 2712 4427 duo,
2746 4374 2883 4416 unus
2911 4359 3171 4426 anterior,
3202 4366 3258 4414 et
3284 4359 3424 4414 alter

1840 4458 2139 4523 posterior;
2172 4455 2224 4508 in
2256 4454 2434 4509 medio
2464 4453 2699 4523 palmitis
2726 4452 2983 4523 germinis
3016 4466 3251 4522 propago
3287 4467 3421 4521 pen-

1842 4547 2021 4603 debat.
2050 4545 2261 4601 Primus
2290 4545 2559 4601 indicabat
2587 4544 2840 4615 populum
2865 4542 3171 4599 Iudaeorum
3192 4587 3207 4610 ,
3239 4556 3429 4599 secun-

1848 4640 1949 4696 dus
1991 4639 2303 4710 designabat
2352 4640 2603 4708 populum
2647 4638 2903 4707 gentium.
2950 4635 3165 4692 Judazus
3210 4637 3425 4706 quidem

1854 4732 2121 4788 anteibat.
2154 4731 2247 4785 sed
2278 4740 2462 4785 contra
2495 4730 2708 4784 botrum
2736 4730 2893 4783 dorsa
2920 4728 3172 4797 ponebat.
3198 4728 3427 4784 Geutilis

1850 4823 2113 4892 posterior
2141 4821 2481 4887 ambulabat,
2517 4820 2610 4875 sed
2646 4820 2856 4875 botrum
2890 4818 3008 4874 fidei
3038 4818 3209 4873 oculis
3238 4818 3425 4874 adten-

1846 4915 2035 4980 debat,
2063 4913 2185 4984 quia
2216 4913 2268 4966 in
2298 4913 2563 4982 pendente
2591 4910 2863 4967 credebat.
2897 4910 3221 4973 Posuerunt,
3257 4910 3426 4980 inquit

1851 5008 2102 5063 Dominus
2129 5005 2196 5059 de
2221 5003 2440 5069 Judaeis,
2473 5002 2541 5057 ad
2569 5017 2654 5058 me
2676 5003 2835 5057 dorsa
2864 5011 2920 5057 et
2951 5016 3053 5056 non
3087 5000 3249 5056 facies
3276 5015 3421 5055 snas.

1845 5096 2055 5151 Primus
2098 5093 2465 5159 aversabatur,
2500 5092 2765 5148 secundus
2810 5092 3157 5161 pascebatur;
3202 5090 3290 5146 ille
3331 5090 3425 5147 ha-

1798 5228 1801 5233 .
1850 5188 2061 5243 nelabat
2105 5185 2207 5240 sub
2235 5184 2413 5240 delicti
2464 5197 2651 5248 onere,
2685 5185 2785 5238 iste
2832 5182 3045 5238 bibebat
3089 5197 3153 5238 ex
3199 5182 3419 5238 aethere.

1840 5277 2025 5334 Judco
2049 5290 2178 5349 ergo
2211 5276 2397 5332 botrus
2428 5274 2715 5345 posterior,
2755 5273 2938 5344 gentili
2972 5282 3087 5330 erat
3133 5274 3367 5331 anterior
3402 5292 3416 5341 ;

1798 5492 1801 5493 ν
1913 5432 1994 5505 (d)
2032 5432 2225 5488 Contra
2268 5432 2359 5488 fati
2413 5432 2711 5490 doctrinam
2751 5447 2893 5505 saepe
2942 5433 3158 5504 scripsit
3200 5432 3417 5503 Augus-

1845 5505 2399 5658 ti“(23.Animadverte
2437 5572 2716 5658 pulchrum
2745 5575 3079 5658 vocabulum.

1941 5642 1996 5711 [⁷)
2031 5642 2167 5715 Nota
2189 5642 2747 5715 rursus_voca_bulum,
2781 5644 2879 5699 nisi
2906 5653 2989 5701 est
3015 5660 3111 5714 pro
3136 5642 3418 5715 variegata.

1916 5711 1991 5785 (g)
2028 5711 2191 5785 Num.
2213 5728 2307 5769 xttt
2329 5753 2343 5780 ,
2376 5713 2464 5768 24.
2521 5713 2585 5785 Et
2624 5713 2837 5785 quidem
2880 5711 3131 5785 palanga,
3161 5712 3247 5768 vel
3276 5711 3415 5785 ‘gqu-

1845 5779 2029 5856 tan'ga,
2060 5780 2304 5839 dicebant
2325 5779 2767 5907 Fresertlm'Afrl
2806 5779 2901 5853 pro
2924 5779 3091 5850 fuste,
3122 5792 3259 5841 teste
3307 5779 3416 5837 Pll.

1847 5854 1937 5911 nio
1966 5849 2103 5925 apud
2130 5850 2318 5909 Forcel
2348 5891 2361 5909 .

1847 5870 1937 5910 nto
1966 5870 2103 5910 ιναα
2130 5870 2361 5909 force".
