4018 6482
677 403 814 462 tm
1308 405 1642 466 SUPPLEM.
1684 405 1775 462 AD
1813 405 1964 460 ore.
2007 403 2064 458 δ.
2108 379 2802 458 Αυουει-ιδιμδειιιιυ
2845 401 2930 457 os
2967 402 3191 460 mssa.
3805 399 3918 456 ms

670 517 774 575 illis
821 519 873 573 in
919 517 1045 584 ﬁnc,
1076 516 1231 572 nobis
1271 501 1323 572 in
1357 516 1643 588 principio;
1675 517 1794 572 illos
1821 516 2144 587 sequebatur
2171 495 2238 568 ad
2265 515 2314 572 Α
2345 512 2528 592 tutinis
2557 512 2642 567 vix
2674 527 2777 567 una
2827 513 2954 568 hora
2981 526 3091 580 est,
3120 497 3166 569 si
3198 513 3251 567 in
3283 509 3483 566 diebus
3527 509 3678 565 festis
3708 509 3788 565 vis
3815 509 3910 568 dae

671 610 1022 681 supplicium,
1056 623 1154 664 nos
1181 609 1444 679 invitabat
1484 609 1552 663 ad
1591 610 1785 664 cibum.
1821 610 2004 674 itaque
2045 606 2117 660 illi
2150 607 2244 660 de-
2349 601 2494 657 horae
2532 610 2690 669 sunt,
2723 617 2849 659 ecce
2878 619 3063 673 parum
3093 612 3178 658 est
3217 597 3364 674 quod
3407 618 3437 655 a
3467 609 3525 656 te
3557 601 3722 670 exigit
3756 613 3914 658 auctor

673 701 856 754 siccati
885 709 1008 772 sunt
1045 707 1098 754 et
1125 707 1412 764 aruerunt,
1445 714 1543 755 nos
1571 714 1698 756 vero
1724 700 2056 755 comedimus
2081 708 2135 753 et
2166 683 2246 753 bi-
2348 702 2488 749 tuus.
2517 695 2582 749 Et
2612 701 2715 749 non
2750 695 2830 749 vis
2857 709 2978 750 esse
3006 693 3233 750 beatus?
3265 694 3364 749 Vis
3396 693 3496 748 tibi
3522 693 3726 750 omium
3753 703 3804 748 et
3831 703 3914 748 ter-

667 788 842 845 bimus
876 799 929 845 et
957 789 1136 843 refecti
1183 803 1385 854 sumus,
1416 804 1513 857 per
1541 805 1714 858 ipsum
1757 788 2242 868 Jesumﬁhristum
2344 800 2490 848 ram,
2532 800 2696 848 mare,
2725 795 2778 840 et
2807 785 2982 839 omnia
3013 775 3276 862 elemenia
3310 783 3572 840 omnibus
3606 784 3913 852 temporibus

666 883 755 954 qui
783 881 914 959 vivit
937 899 1057 938 cum
1099 883 1257 940 Patre
1279 893 1333 939 et
1358 898 1478 939 cum
1509 885 1710 955 Spiritu
1749 895 1932 941 sancto
1953 867 2016 941 in
2047 883 2227 940 saecula

2343 875 2635 942 deservire,
2661 868 2714 929 et
2740 889 2846 928 non
2876 873 2954 929 vis
2986 890 3088 928 una
3133 867 3265 930 hora
3295 873 3385 929 vel
3417 869 3634 930 duabus
3667 871 3808 926 boris
3832 871 3912 926 do-

668 975 1007 1032 saculoruni.
1032 977 1227 1034 Amen.

1282 1067 1510 1125 SEBMO
1547 1068 1632 1126 IV.

1161 1161 1236 1215 De
1265 1162 1419 1217 missa
1445 1163 1727 1218 cotidiana.

709 1269 1089 1348 ‘Cong'regatio
1117 1272 1458 1329 beatitudinis
1482 1285 1690 1343 vestrae,
1721 1275 1915 1330 fratres
1940 1276 2236 1344 carissimi,

665 1361 789 1418 facit
815 1377 913 1419 nos
953 1366 1114 1419 nimio
1144 1366 1335 1435 gaudio
1359 1381 1477 1422 esse
1509 1369 1759 1435 repletos.
1789 1369 1896 1423 Sed
1922 1372 2045 1440 quia
2077 1379 2239 1442 pavet

662 1464 847 1524 pectus
891 1457 1093 1512 catenis
1136 1459 1378 1524 corporis
1409 1459 1725 1527 obligatum,
1755 1476 1857 1515 non
1907 1475 2121 1530 possum
2152 1465 2234 1519 di-

661 1562 784 1603 cere
829 1557 1082 1618 quant'um
1111 1551 1362 1619 splendor
1391 1553 1552 1606 animi
1584 1552 1742 1607 vestri
1773 1553 2001 1609 delectat
2025 1557 2227 1612 audire.

2344 966 2554 1022 minicm
2601 965 2869 1021 devotioni
2918 963 3144 1022 vincare?
3188 957 3500 1036 Casiig'etur
3550 979 3686 1036 ergo
3731 965 3910 1036 pigritia

2339 1068 2537 1124 vestra,
2567 1067 2626 1113 ut
2655 1058 3050 1129 procreationes
3079 1055 3204 1112 suas
3245 1057 3352 1111 non
3411 1053 3610 1138 perdat
3656 1059 3811 1111 terra.
3841 1055 3912 1111 la-

2341 1150 2555 1204 ducetur
2581 1145 2787 1220 gladius
2831 1163 2992 1215 super
3028 1147 3194 1216 opera
3233 1143 3497 1202 manuum
3539 1143 3789 1210 illm-um,
3811 1148 3910 1216 quia

2342 1221 2481 1297 beas
2503 1244 2554 1296 in
2580 1241 2822 1297 ecclesiis
2848 1255 2952 1294 non
2974 1239 3204 1295 auditur.

2410 1351 2724 1408 Condemnat
2753 1367 2849 1408 nos
2879 1353 3091 1424 pigritia
3125 1361 3330 1419 nostra,
3361 1351 3566 1432 fratres
3602 1353 3732 1406 mei.
3758 1349 3908 1406 Currit

2341 1447 2628 1500 matutinus
2652 1445 2716 1500 ad
2740 1460 3062 1516 synagogam
3077 1444 3314 1513 Iudaeus,
3338 1444 3570 1501 festinat
3593 1454 3653 1500 et
3673 1445 3837 1515 vigilat
3855 1446 3905 1498 ad

2337 1536 2591 1605 templum
2624 1551 2877 1606 paganus,
2909 1545 2962 1591 et
2990 1551 3097 1590 non
3127 1537 3308 1606 vigilat
3349 1547 3446 1591 aut
3489 1535 3722 1591 festinat
3745 1537 3805 1590 ad
3836 1552 3905 1590 er-

661 1637 863 1695 Tamen
891 1640 1194 1708 adgredior,
1225 1651 1283 1695 ut
1319 1642 1475 1696 arrha
1523 1657 1550 1694 a
1599 1643 1708 1697 Deo
1751 1644 1874 1698 data
1902 1644 2149 1711 clariore,
2178 1655 2227 1703 et

2333 1629 2551 1684 clesiam
2581 1627 2925 1707 christianus.
2961 1629 3145 1696 Magna
3184 1627 3431 1684 confusio
3469 1637 3564 1685 est
3603 1629 3902 1693 chrisuanis,

660 1730 877 1800 pignore
926 1732 1341 1802 splendidissimi
1389 1732 1600 1788 luminis
1647 1734 1961 1806 refulgente,
1989 1739 2230 1807 .palpitat

656 1837 847 1879 sensus
868 1825 969 1878 mei
989 1824 1211 1878 dicentis
1237 1823 1334 1894 (α).
1359 1823 1487 1879 Peto
1508 1834 1566 1880 ut
1586 1827 1778 1881 vestris
1793 1830 2006 1882 auribus
2026 1830 2228 1885 insera-

2331 1725 2421 1793 qui
2472 1730 2829 1792 provocantur
2865 1723 3048 1778 venire
3087 1722 3154 1777 ad
3197 1722 3418 1778 domum
3453 1722 3558 1777 Dei
3600 1723 3836 1792 exeanplo
3861 1732 3904 1777 α

2329 1817 2777 1885 contemplatione
2814 1817 3016 1886 pejori;
3049 1826 3105 1870 ut
3136 1816 3254 1885 plus
3282 1815 3326 1870 si
3354 1815 3589 1871 Iudaeus
3618 1817 3677 1871 in
3704 1831 3792 1870 sua
3822 1816 3900 1870 ob-

659 1918 747 1981 tis,
783 1915 971 1970 fratres
999 1917 1129 1980 mei,
1157 1917 1328 1972 officia
1351 1918 1660 1987 sacerdotis,
1686 1918 1877 1988 quibus
1904 1931 1998 1990 per
2021 1923 2227 1978 viscera

2334 1907 2634 1962 servatione
2676 1907 2988 1975 sacrilegus,
3021 1921 3179 1976 quam
3210 1907 3551 1963 christianos
3583 1908 3641 1962 in
3688 1922 3782 1961 sua
3807 1908 3902 1962 rdi-

658 2009 1045 2065 misericordize
1073 2011 1462 2094 incommodum
1487 2011 1562 2082 (ὁ)
1586 2027 1691 2068 non
1711 2013 1919 2069 desinet
1939 2017 2228 2084 parturire,

657 2101 867 2156 dicente
913 2102 1153 2169 apostolo
1197 2101 1358 2156 Paulo
1393 2121 1406 2155 :
1443 2103 1617 2157 Filioli
1674 2105 1812 2170 mei,
1863 2120 1995 2172 quos
2035 2106 2230 2162 iterum

2330 1997 2490 2066 gione
2525 1997 2769 2052 devotus.
2800 1998 2993 2069 Vigilat
3023 1999 3235 2068 gentilis
3264 1997 3332 2051 ad
3376 1998 3528 2052 idola
3572 1999 3837 2068 profanas,
3861 2007 3902 2054 et

2333 2102 2441 2142 non
2468 2087 2652 2158 vigilat
2681 2097 2774 2142 aut
2802 2088 3016 2144 festinat
3038 2091 3362 2145 christianus
3409 2089 3482 2145 ad
3512 2091 3802 2146 ecclesiam
3827 2105 3898 2158 pro

658 2194 914 2262 parturio,
947 2193 1117 2248 donec
1143 2192 1385 2248 Christus
1413 2194 1668 2248 formetur
1699 2195 1750 2248 in
1782 2195 1955 2250 vobis.
1985 2196 2088 2251 Sed
2122 2197 2232 2253 illis
2331 2194 2438 2250 (ιιιο
2477 2179 2762 2235 cruciﬁxus
2792 2189 2874 2234 est
2903 2179 3173 2234 Chrisms-
3208 2181 3504 2250 Propterea
3532 2181 3766 2250 εδειῑειι
3793 2180 3897 2234 θεας

656 2285 730 2338 ait
756 2285 1049 2352 apostolus,
1081 2284 1172 2352 qui
1207 2284 1428 2338 novellae
1460 2285 1612 2352 fidei,
1645 2295 1696 2340 et
1725 2285 1872 2341 rudis
1900 2285 2072 2341 adhuc
2102 2301 2225 2342 cre-

655 2376 895 2432 dulitatis
939 2376 1185 2444 primitiae
1240 2376 1613 2432 detinebantur
1643 2379 1695 2432 in
1740 2377 1904 2434 corde
1950 2380 2224 2444 plantaria.

659 2468 887 2533 Verum,
923 2468 1151 2538 propitio
1181 2468 1308 2534 Deo,
1335 2469 1456 2540 quia
1487 2471 1555 2523 ita
1580 2477 1706 2537 aput
1727 2469 1799 2542 (c)
1823 2485 1916 2526 vos
1943 2471 2062 2526 fidei
2093 2487 2230 2542 pra:-

659 2563 896 2630 rogativa
942 2550 1255 2628 veterescit,
1285 2570 1339 2616 ut
1367 2569 1420 2616 et
1463 2575 1596 2615 nova
1636 2563 1735 2626 sit,
1778 2562 1899 2617 ideo
1944 2562 2228 2618 novitatem

654 2659 829 2716 tenet,
862 2662 918 2706 ιιι
959 2660 1112 2708 vetus
1151 2653 1264 2707 sit:
1295 2653 1415 2721 quia
1463 2651 1542 2707 sic
1588 2654 1839 2722 scriptum
1872 2662 1956 2708 est
1985 2671 1999 2708 :
2035 2655 2226 2709 Vinum

656 2755 852 2798 nonum
884 2743 1196 2809 veterescit;
1229 2752 1283 2796 et
1311 2757 1431 2797 cum
1469 2743 1732 2797 suavitate
1760 2744 1990 2800 hibetur.
2025 2745 2227 2801 Tamen

653 2832 830 2890 celare
857 2849 962 2891 non
1009 2835 1156 2904 potui
1185 2842 1241 2890 et
1263 2833 1490 2890 diustius
1523 2846 1907 2905 suppurgatum
1941 2835 2041 2907 (ά).
2075 2835 2227 2892 Nolui

658 2929 842 2984 videre
885 2928 1025 2998 quod
1076 2928 1344 2999 lugeam,,
1373 2928 1516 2982 nolui
1575 2929 1754 3005 videre
1803 2929 1943 2999 quod
1991 2929 2223 2986 doleam.

653 3016 836 3074 Clamo
863 3017 985 3087 quia
1017 3028 1196 3087 pastor
1236 3033 1352 3073 sum
1400 3033 1505 3074 non
1549 3022 1929 3085 mercenarius,
1979 3022 2068 3091 qui
2115 3023 2229 3077 viso

653 3110 778 3181 lupo
804 3109 970 3180 fugit,
994 3122 1046 3166 et
1067 3126 1192 3165 oves
1213 3120 1271 3165 ut
1297 3124 1514 3181 pereant
1538 3111 1876 3182 derelinquit.
1900 3111 2087 3168 Clamo
2107 3115 2228 3183 quia

583 3279 594 3285 ν
653 3203 836 3273 timeo,
867 3204 1038 3260 clamo
1066 3204 1185 3271 quia
1215 3203 1369 3258 doleo
1397 3221 1409 3258 :
1440 3205 1719 3260 clamando
1757 3207 1898 3261 enim
1929 3215 1983 3262 et
2010 3223 2096 3264 me
2134 3223 2229 3264 ex-

653 3309 801 3362 cuso,
833 3302 888 3352 et
917 3310 1012 3350 vos
1043 3311 1147 3350 non
1180 3295 1362 3364 perdo.
1397 3296 1527 3351 Nam
1554 3299 1598 3352 si
1641 3306 1875 3365 tacuero,
1908 3307 1962 3353 et
2005 3314 2090 3354 me
2118 3313 2227 3355 non

652 3403 871 3463 excuso,
895 3397 948 3444 et
976 3403 1070 3444 vos
1093 3389 1276 3458 perdo.
1299 3389 1389 3443 Ait
1413 3389 1554 3445 enim
1583 3389 1723 3443 Dens
1746 3404 1840 3460 per
1867 3391 2076 3446 Esaiam
2109 3373 2230 3460 pro;

655 3484 870 3554 phetam
898 3501 910 3537 :
947 3483 1217 3547 Exclamo,
1252 3484 1443 3552 inquit,
1477 3483 1531 3538 in
1563 3485 1868 3538 fortitudine
1899 3492 2009 3550 tua,
2041 3492 2094 3539 et
2122 3485 2240 3539 noli“

656 3589 916 3640 parcere:
947 3575 1083 3630 sicut
1132 3575 1256 3630 tuba
1299 3575 1471 3630 exalta
1518 3588 1698 3628 vocem
1751 3584 1920 3640 tuam,
1973 3575 2229 3630 annuntia

657 3665 796 3733 plebi
827 3680 959 3719 mea;
1007 3675 1220 3734 peccata
1248 3680 1432 3720 eorum
1451 3705 1464 3730 ,
1498 3672 1553 3719 et
1580 3664 1759 3719 domui
1800 3664 1965 3720 Jacob
1995 3665 2229 3722 facinora

654 3771 861 3811 eorum.
887 3755 960 3810 Ita
990 3755 1130 3810 enim
1151 3755 1370 3809 devotio
1391 3763 1567 3810 Vestra
1595 3754 1857 3824 refriguit,
1885 3757 2068 3811 fratres
2096 3757 2224 3822 mei,

657 3862 717 3908 ut
744 3861 798 3908 et
825 3853 944 3908 illut
989 3853 1213 3907 sentiam
1235 3891 1250 3918 ,
1279 3860 1332 3906 et
1365 3837 1617 3906 metuam.
1649 3852 1801 3919 Quod
1835 3853 2087 3908 Dominus
2114 3864 2225 3909 ait:

655 3960 721 4001 eo
750 3946 887 4014 quod
937 3945 1141 3999 facinus
1171 3944 1437 4011 abundet,
1469 3942 1767 4014 refrigescit
1797 3945 1991 3998 caritas
2038 3945 2228 4000 multo-

653 4049 772 4090 rum
793 4073 809 4101 ,
845 4040 969 4104 puto
999 4035 1053 4088 in
1083 4041 1254 4088 veStm
1282 4035 1568 4089 devotione
1593 4035 1873 4104 compleri.
1919 4035 2054 4090 Dum
2084 4037 2227 4091 enim

651 4142 746 4183 vos
791 4131 843 4183 in
873 4127 1122 4184 domibus
1159 4129 1350 4183 vestris
1390 4128 1579 4184 sedere
1620 4128 1899 4184 sectamini
1958 4129 2226 4185 desertam

647 4216 818 4274 facitis
847 4217 1060 4272 domum
1088 4218 1199 4273 Dei.

727 4309 789 4364 Et
813 4307 936 4363 audi
965 4309 1094 4377 quid
1125 4323 1216 4378 per
1252 4307 1565 4377 pr0pbetam
1593 4307 1773 4362 divina
1822 4306 2120 4362 istiusmodi
2149 4309 2227 4362 in-

647 4400 886 4471 dignatio
907 4402 1144 4454 omnium
1175 4411 1383 4455 mentes
1408 4401 1672 4471 objurgat.
1711 4399 1885 4463 Audi,
1915 4399 2227 4468 christiane,

2329 2286 2559 2342 terram,
2594 2284 2650 2330 nt
2681 2277 2839 2330 homo
2864 2275 3089 2345 accipiat
3114 2276 3456 2346 disciplinam
3485 2293 3502 2330 :
3531 2285 3595 2330 ut
3622 2277 3785 2331 homo
3809 2291 3897 2330 cor-

2330 2365 2574 2432 ripiatur,
2602 2375 2741 2421 terra
2763 2366 2954 2422 dar....
2973 2366 3174 2421 dicere.
3194 2365 3302 2420 Vos
3317 2365 3501 2420 facitis
3516 2366 3743 2420 domum
3759 2381 3896 2421 meam

2330 2456 2632 2520 desertam,
2659 2465 2711 2511 υι
2739 2471 2837 2526 ego
2864 2457 3131 2512 desertam
3180 2456 3372 2510 faciam
3418 2465 3631 2511 terram
3676 2467 3892 2511 vestram.

2337 2547 2442 2602 Vos
2471 2549 2523 2602 in
2551 2547 2816 2603 veniendo
2844 2548 2909 2601 ad
2945 2563 3027 2601 me
3058 2561 3162 2601 non
3193 2547 3330 2600 datis
3363 2545 3507 2600 mihi
3557 2547 3832 2611 honorem,
3855 2554 3896 2599 ea

2329 2651 2689 2706 egoivestrum
2710 2639 3024 2694 intercidam
3050 2638 3285 2693 laborem
3307 2655 3320 2692 :
3341 2641 3470 2708 quia
3493 2638 3589 2709 qui
3612 2637 3897 2692 honorifica

2329 2744 2437 2798 me,
2464 2730 2659 2800 inquit,
2683 2740 2738 2786 et
2763 2746 2864 2800 ego
2892 2730 3256 2786 honoriﬁcabo
3282 2744 3433 2786 eum.

2405 2841 2510 2897 Sed
2542 2841 2782 2896 dicturus
2809 2856 2869 2895 es
2906 2841 3034 2895 mihi
3076 2840 3294 2895 forsitan
3324 2858 3336 2894 :
3370 2840 3531 2895 dives
3580 2854 3732 2908 sum,
3756 2849 3806 2894 et
3827 2839 3897 2892 fa-

2334 2933 2619 2989 cultatibus
2643 2933 2852 2988 cunctis
2877 2932 3110 2998 abundo,
3141 2933 3272 2987 nihil
3311 2933 3556 3002 indigeo,
3589 2932 3712 3001 quid
3741 2941 3895 3001 petere

2331 3030 2584 3096 possum?
2614 3024 2752 3092 Ergo
2782 3039 2848 3078 ex
2878 3033 2930 3079 te
2959 3025 3108 3079 dives
3136 3024 3230 3079 es?
3258 3033 3504 3078 autcum
3538 3024 3739 3078 divitiis
3765 3032 3890 3075 natus

2331 3120 2427 3174 es?
2457 3118 2548 3189 qui
2589 3119 2758 3188 magis
2804 3127 3060 3186 quantum
3091 3116 3245 3171 dives
3288 3132 3372 3180 es,
3419 3126 3633 3170 tantum
3677 3116 3740 3170 ad
3765 3129 3885 3174 era,

2332 3211 2485 3280 cujus
2511 3219 2635 3264 sunt
2661 3208 2876 3273 diviti-.c,
2907 3199 3172 3262 manicare
3200 3207 3368 3264 debes
3393 3224 3410 3263 :
3439 3208 3571 3278 quia
3603 3223 3771 3263 meum
3795 3217 3887 3269 est,

2334 3304 2539 3372 inquit,
2566 3317 2752 3357 aurum
2781 3311 2836 3356 et
2862 3302 3139 3371 argent‘um
3159 3342 3174 3365 ,
3205 3309 3261 3355 et
3288 3301 3373 3356 cui
3418 3303 3651 3356 voluero
3677 3299 3806 3355 daho
3839 3300 3892 3351 il-

2333 3395 2444 3450 lud.
2492 3394 2667 3449 Habes
2705 3392 2846 3462 quod
2887 3407 2994 3447 non
3043 3391 3332 3461 accepiSti?
3362 3390 3423 3447 Si
3467 3407 3605 3462 ergo
3639 3389 3888 3458 accepisti,

2331 3485 2456 3556 quid
2484 3485 2731 3555 gloriaris
2753 3484 2900 3554 quasi
2922 3499 3028 3538 non
3050 3483 3355 3553 acceperis?
3377 3481 3547 3538 Certe
3569 3486 3612 3537 si
3641 3483 3889 3549 accepisti.

2333 3576 2464 3630 nihil
2518 3575 2780 3642 habuisti,
2822 3577 2943 3643 quia
2992 3574 3165 3628 nudus
3211 3589 3279 3628 ex
3326 3583 3485 3629 utero
3516 3573 3705 3628 matris
3732 3571 3893 3626 tumin

2333 3667 2436 3723 hoc
2481 3667 2736 3722 saeculum
2787 3667 3090 3733 devenisti,
3143 3665 3335 3732 pannis
3386 3665 3634 3731 obsitus,
3683 3675 3891 3720 extr-eoa

2331 3767 2569 3837 egestate
2613 3757 2908 3820 confectus,
2955 3767 3008 3812 et
3049 3757 3158 3826 jam
3207 3757 3346 3812 sicut
3397 3765 3565 3811 natus
3609 3758 3890 3812 moriturus.

2331 3849 2508 3905 Habes
2536 3858 2726 3904 testem
2759 3850 2968 3904 beatum
2997 3849 3098 3905 Job
3129 3850 3396 3905 dicentem
3432 3867 3445 3902 :
3480 3850 3662 3905 nudus
3686 3849 3814 3904 exivi
3836 3847 3897 3903 de

2332 3950 2522 3997 ventre
2549 3943 2735 3996 matris
2764 3957 2916 4006 meae,
2943 3942 3140 3996 nudum
3165 3956 3250 3996 tne
3270 3951 3487 4010 oportet
3514 3942 3598 3996 ire
3623 3942 3680 3994 in
3701 3950 3891 3996 terram.

2330 4033 2515 4088 Curris
2540 4033 2607 4088 ad
2634 4033 2850 4088 domum
2871 4031 3228 4098 freneratoris,
3253 4031 3559 4087 adulatoria
3594 4033 3751 4087 verba
3770 4045 3895 4084 com-

2332 4123 2508 4192 ponis,
2539 4132 2593 4178 et
2623 4138 2727 4177 non
2758 4123 2928 4177 curris
2956 4121 3022 4176 ad
3049 4122 3261 4177 domum
3297 4123 3388 4178 Dei
3419 4122 3661 4192 gratuito
3693 4121 3886 4190 largim-

2331 4216 2445 4270 ris?
2473 4216 2601 4282 Quae
2631 4225 2714 4270 est
2741 4217 2794 4270 in
2825 4215 2975 4270 vobis
3020 4223 3162 4270 tanta
3194 4216 3427 4284 pigritia,
3459 4213 3662 4269 fratres
3695 4215 3820 4279 mei,
3847 4221 3896 4265 at

2331 4306 2398 4360 ad
2425 4306 2636 4361 domum
2667 4305 2762 4362 Dei
2792 4306 3006 4362 minime
3037 4307 3299 4376 vigiletis?
3330 4305 3452 4360 Tibi
3493 4304 3642 4371 dico,
3674 4304 3895 4375 quisquis

2331 4411 2412 4464 es,
2447 4399 2642 4454 rustice
2671 4399 2817 4468 piger
2843 4416 2855 4450 :
2886 4398 3146 4469 pigritaris
3167 4398 3234 4453 ad
3263 4397 3486 4452 domum
3513 4397 3609 4451 Dei
3633 4395 3828 4454 venire.
3853 4403 3896 4448 et

647 4489 789 4559 quod
833 4491 1049 4556 timeas;
1084 4490 1205 4545 audi
1225 4531 1238 4555 ,
1273 4492 1539 4556 timorate,
1571 4491 1710 4560 quod
1759 4505 1989 4546 caveas:
2022 4493 2123 4546 Pro
2166 4507 2232 4548 eo
2334 4506 2438 4548 non
2471 4493 2737 4568 pigritaris
2760 4502 2955 4548 terram
2985 4501 3128 4544 tuam
3157 4490 3448 4546 excolere?
3472 4490 3542 4545 Et
3563 4491 3665 4545 nisi
3691 4489 3895 4555 desuper

649 4583 792 4654 quod
819 4583 1009 4639 domus
1056 4599 1152 4640 sua
1198 4583 1408 4640 deserta
1438 4586 1540 4650 sit,
1571 4584 1796 4654 ideoque
1823 4587 2016 4641 ctelmn
2063 4587 2228 4643 abstié

646 4674 795 4732 nebit
825 4674 1046 4743 pluvias;
1075 4685 1130 4731 et
1159 4685 1297 4731 terra
1339 4690 1442 4730 non
1486 4675 1637 4731 dabit
1679 4675 1909 4732 fructum
1954 4692 2140 4743 suum,
2171 4688 2228 4736 et

647 4767 890 4823 inducam
921 4767 1153 4837 gladium
1201 4781 1364 4836 super
1407 4781 1567 4837 opera
1613 4781 1863 4823 manuum
1913 4769 2218 4838 hominum,

645 4863 766 4933 quia
795 4861 936 4918 Deus
965 4864 1016 4917 in
1046 4855 1425 4917 ecclesiis‘non
1453 4861 1682 4916 auditur.
1708 4861 1837 4928 Quis
1865 4863 1929 4916 ad
1964 4861 2089 4930 hoc,
2117 4865 2221 4918 fra-

646 4965 756 5011 tres
783 4954 916 5020 mei,
946 4954 1179 5008 intentus
1202 4969 1306 5008 non
1334 4955 1625 5008 visceribus
1646 4957 2068 5011 contremescat?
2093 4957 2222 5024 Quis

646 5062 756 5102 non
775 5046 934 5102 tantis
949 5046 1450 5101 comminationibus
1468 5061 1751 5115 percussus
1765 5056 1991 5114 arescat,
2010 5049 2223 5118 quando

649 5136 727 5190 sic
780 5136 963 5191 audiat
997 5136 1278 5190 Dominum
1305 5137 1695 5205 indignantem,
1725 5153 1790 5192 eo
1835 5139 1975 5209 quod
2006 5138 2226 5194 domum

644 5240 796 5282 suam
838 5227 1104 5284 desertam
1129 5229 1370 5292 'faciatis,
1399 5229 1472 5296 (et
1498 5230 1682 5284 domus
1711 5232 1990 5295 or)ationis
2018 5246 2047 5286 a
2088 5243 2223 5286 con-

643 5327 804 5375 ventu
831 5319 1079 5389 religioso
1105 5321 1174 5374 sit
1195 5321 1394 5374 vacua?
1415 5320 1573 5375 Plena
1601 5330 1684 5375 est
1711 5322 1915 5390 papulis
1946 5322 2143 5392 platea,
2169 5335 2224 5379 et

643 5409 766 5465 silet
806 5411 1055 5466 ecclesia.
1090 5409 1300 5479 Utique,
1335 5407 1568 5478 prudens
1600 5413 1780 5477 homo,
1815 5426 1919 5465 non
1955 5411 2048 5466 tibi
2093 5411 2227 5466 dici-

645 5513 730 5559 tur
751 5511 808 5558 ut
831 5501 898 5557 ad
924 5503 1139 5557 domum
1164 5500 1256 5556 Dei
1283 5501 1429 5556 omni
1461 5501 1592 5556 hora
1613 5502 1919 5556 convenias.
1946 5501 2003 5558 Si
2034 5501 2085 5556 in
2110 5517 2222 5556 ma-

715 5659 796 5731 (a)
833 5659 923 5731 Sic
945 5658 1223 5714 videbatur
1254 5660 1307 5714 in
1338 5658 1542 5723 codice,
1573 5656 1723 5724 cujus
1769 5657 1903 5712 mihi
1953 5671 2094 5713 nunc
2133 5675 2191 5715 re

645 5729 854 5786 visendi
882 5731 1029 5797 copia
1057 5745 1163 5784 non
1190 5741 1291 5784 est.
2129 5767 2131 5770 -

713 5799 793 5869 (ὁ)
831 5799 887 5855 Id
913 5808 995 5854 est
1016 5800 1313 5855 molestiam
1347 5813 1436 5869 per
1459 5811 1611 5852 suum
1641 5797 1810 5854 zelum
1839 5811 2047 5875 creare.

2335 4583 2426 4638 tibi
2458 4583 2664 4638 dederit
2693 4582 2955 4652 pluviam,
2992 4595 3097 4634 non
3145 4580 3349 4648 poteris
3393 4595 3652 4650 rumpere
3695 4587 3893 4633 terram.

2334 4674 2475 4729 Nihil
2505 4674 2600 4730 tibi
2627 4673 2697 4730 de
2722 4687 2820 4728 suo
2846 4680 3099 4742 pra-stare
3125 4670 3343 4740 poterit,
3373 4669 3476 4724 nisi
3509 4669 3741 4738 desuper
3763 4680 3895 4722 acce-

2335 4769 2496 4836 perit.
2525 4767 2792 4836 Scriptum
2821 4774 2904 4820 est
2927 4765 3070 4818 enim
3098 4763 3427 4818 :Desursum
3458 4761 3740 4817 descendit
3766 4775 3794 4813 a
3821 4774 3897 4826 pa-

2334 4867 2416 4914 tre
2447 4859 2739 4924 luminum,
2787 4865 2916 4925 aput
2957 4871 3115 4923 quem
3161 4869 3264 4907 non
3296 4860 3381 4908 est
3411 4854 3785 4907 transmutatio
3813 4861 3898 4902 nec

2333 4949 2712 5005 vicissitudinis
2739 4946 3094 5001 obumbratio.
3120 4943 3271 5000 Sicut
3297 4954 3354 4998 et
3383 4945 3438 4998 in
3465 4942 3756 5011 Evangelia
3782 4938 3899 4995 serio

2337 5049 2483 5110 ptum
2511 5050 2633 5094 est:
2666 5037 2862 5094 Verum
2891 5038 3114 5106 qiiaarite
3144 5050 3366 5105 regnum
3401 5034 3493 5089 Dei
3525 5036 3703 5103 primo
3729 5045 3784 5089 et
3802 5034 3900 5110 ius:

2333 5133 2501 5186 titiam
2518 5169 2534 5199 ,
2558 5141 2613 5187 et
2636 5131 2750 5185 haec
2768 5129 2946 5184 omnia
2969 5127 3303 5198 adponentur
3330 5127 3502 5181 vobis.
3532 5126 3697 5196 Ergo,
3728 5109 3899 5179 fratres

2333 5221 2466 5284 mei,
2489 5219 2557 5275 ad
2586 5221 2864 5274 ecclesiam
2896 5217 2988 5273 Dei
3021 5217 3237 5287 vigilare
3261 5215 3494 5271 debetis.
3525 5215 3637 5270 Hoc
3665 5218 3898 5284 expectat

2331 5312 2494 5377 Deus,
2523 5321 2577 5364 ut
2605 5310 2680 5365 illi
2712 5310 3079 5364 tantummodo
3107 5306 3352 5372 fatearis,
3373 5317 3431 5362 et
3460 5323 3565 5360 non
3597 5317 3724 5360 sunt
3755 5315 3898 5358 more

2332 5409 2390 5457 ut
2412 5402 2633 5466 saheris,
2663 5399 2762 5454 nisi
2785 5397 3180 5454 confessionem
3215 5407 3363 5452 tuam
3394 5396 3742 5452 solummodo
3764 5406 3896 5464 qua-

2331 5489 2550 5547 siturus.
2581 5489 2827 5559 Explicit.

2401 5643 2476 5788 ξε)
2520 5641 2699 5724 Prisca
2723 5639 3100 5721 orthographia
3128 5649 3232 5721 est,
3263 5650 3320 5696 ut
3344 5637 3480 5695 infra
3505 5639 3650 5705 iuet,
3682 5636 3827 5692 diu.

2427 5711 2483 5783 ἀ)
2525 5712 2614 5769 Sic
2639 5709 2913 5766 videbatur
2939 5725 2992 5766 tn
3023 5709 3230 5766 codice.

2427 5709 2483 5783 ἀ)
2525 5709 2614 5769 Sic
2639 5709 2913 5766 videbatui'
2939 5709 2992 5766 iii
