4018 6530
197 487 3485 556 ᾖ

1293 651 2428 806 SOLILOQUIORUM

189 900 908 1036 ΒΑΜ]Το
1005 862 1989 1035 AUGUSTINO
2106 911 3467 1044 ADSCRIPTORUM

1008 1121 1304 1243 ΟΑΡ
1329 1137 1538 1246 ΠΤ
1635 1136 2390 1248 POSTREM
2410 1140 2522 1246 [Γ
2511 1143 2694 1265 Μ,
3083 1134 3088 1139 ’

1071 1369 1126 1430 Α
1154 1369 1208 1429 J.
1239 1363 1699 1459 IROMBELLI
1735 1367 1783 1427 E
1809 1345 2196 1429 TENEBRIS
2228 1369 2555 1432 ERUTUM

1006 1683 1304 1741 JOANNES
1341 1683 1892 1743 CHRYSOSTOMUB
1929 1684 2322 1743 TROMBELLI
2361 1685 2680 1742 LECTORI.

250 1833 538 1893 Novitnus
560 1837 772 1909 quidem
799 1836 990 1898 librum
1016 1849 1135 1899 eum
1155 1883 1170 1907 ,
1198 1843 1288 1914 qui
1313 1841 1583 1914 Augustini
1606 1840 1784 1899 solito-
1804 1851 1866 1920 Α
1884 1843 2088 1916 adjecta
2121 1843 2444 1912 invenimus,
2492 1844 2819 1914 evulgemus.
2871 1845 3118 1902 Plurimis
3164 1847 3376 1918 quidem
3407 1849 3460 1908 in

175 1927 306 1996 quia
335 1928 682 1996 inscribitur,
712 1931 780 1986 ab
807 1931 1100 2003 Augustino
1129 1933 1452 2006 Hipponensi
1494 1934 1774 2005 Episcopo,

174 2031 244 2070 ac
273 2019 713 2083 praeclarissimo
743 2021 994 2078 Ecclesiae
1022 2024 1248 2078 Doctore
1278 2039 1382 2078 non
1410 2037 1531 2079 esse
1558 2033 1779 2094 cumpo-

103 2191 110 2194 _
170 2105 350 2161 situm
390 2125 406 2161 :
439 2117 500 2163 at
529 2111 770 2168 novimus
800 2115 956 2170 etiam
979 2156 993 2180 ,
1024 2129 1056 2170 a
1086 2115 1332 2171 laudabili
1358 2115 1628 2184 Scriptore
1657 2131 1777 2170 eum

175 2199 485 2264 prodiisse.
520 2201 738 2260 Gratum
770 2204 975 2278 itaque,
1003 2217 1060 2263 ut
1089 2217 1215 2276 puto
1236 2251 1250 2277 ,
1299 2208 1507 2264 Lectori
1555 2210 1658 2264 erit
1679 2249 1694 2276 ,
1734 2211 1777 2264 si

171 2307 302 2360 quae
347 2293 407 2349 in
442 2295 665 2361 codice,
693 2299 852 2368 quem
881 2313 910 2356 e
951 2302 1148 2358 selecta
1178 2315 1270 2358 sua
1302 2302 1621 2358 bibliotheca
1652 2291 1781 2357 mihi

170 2381 326 2441 dono
364 2381 522 2443 misit
561 2390 957 2458 nobilissimus,
1025 2403 1184 2465 atque
1241 2379 1654 2450 humanissimus
1702 2395 1782 2450 vir

169 2472 486 2536 Faustinus
512 2480 808 2554 Avogadro,
836 2485 1027 2542 Comes
1058 2485 1367 2551 Brixianus,
1401 2487 1572 2541 eidem
1605 2487 1782 2542 libello

1888 1937 2023 1995 locis
2040 1975 2055 2001 ,
2087 1935 2195 1993 imo
2221 1936 2511 1995 identidem
2537 1937 2704 1995 codex
2731 1937 2820 1994 ille
2847 1953 2874 1992 a
2899 1937 3308 2009 Soliloquiorum
3344 1941 3460 1995 edi-

1887 2031 2114 2085 tionibus
2152 2031 2392 2086 diversus
2437 2041 2518 2086 est
2549 2048 2561 2084 :
2593 2039 2648 2086 at
2688 2043 2785 2086 nos
2834 2038 3160 2101 postremum
3205 2031 3460 2088 duntaxat

1884 2123 1998 2190 ejus
2024 2123 2142 2178 libri
2172 2133 2330 2192 caput
2349 2165 2364 2190 ,
2396 2124 2536 2193 quod
2564 2124 2797 2198 nquum
2821 2135 2900 2179 est
2920 2123 3117 2178 editum
3141 2165 3154 2186 ,
3185 2125 3459 2192 proferen-

1883 2216 2008 2270 dum
2037 2217 2359 2271 censuimus.
2405 2216 2477 2271 De
2513 2218 2683 2286 pretio
2713 2227 2922 2282 tamen,
2954 2225 3110 2285 atque
3145 2220 3458 2275 auctoritate

1884 2304 2105 2374 hujusce
2145 2306 2492 2362 additatnenti
2529 2307 2739 2363 Lectori
2773 2305 3170 2377 dijudicanduut
3201 2309 3456 2379 relinqui-

1885 2412 2023 2450 mus.
2071 2396 2147 2450 En
2197 2414 2258 2452 ea
2298 2399 2474 2470 itaque
2507 2416 2625 2471 qua:
2648 2410 2768 2472 post
2797 2415 2954 2457 voces
2983 2399 3100 2456 illas
3129 2417 3284 2455 canos
3315 2415 3450 2455 meos

1888 2485 2186 2542 invenimus
2209 2487 2298 2560 (a).

1519 2642 2166 2753 INCIPIT

816 2875 1652 2977 SOLILOQUIORUM
1731 2883 2061 2962 CAPUT
2135 2882 2792 2962 POSTREMUM.

247 3053 386 3113 Pius
419 3064 479 3112 ut
506 3043 644 3114 Deus
675 3065 722 3112 te
765 3047 925 3114 ducat
966 3059 1030 3113 ad
1071 3059 1169 3113 sub
1190 3057 1312 3110 itnia
1353 3072 1480 3128 sua,
1522 3059 1766 3114 introduc
1793 3063 1846 3124 Β
1868 3061 1937 3114 ab
1963 3060 2214 3129 operibus
2247 3062 2428 3126 malis,
2459 3062 2553 3116 sed
2579 3061 2740 3116 etiam
2764 3075 2793 3115 a
2818 3061 3226 3132 cogitationibus
3252 3077 3442 3133 super-

171 3167 300 3209 eum
333 3149 405 3207 ad
441 3151 624 3206 intima
669 3160 756 3206 tua
785 3171 799 3219 ;
850 3155 1053 3206 certum
1081 3151 1222 3206 enim
1252 3149 1349 3205 tibi
1374 3151 1477 3215 sit,
1509 3151 1648 3221 quod
1674 3150 1765 3205 de-

166 3243 362 3300 lictum
401 3243 551 3298 tuum
582 3246 738 3299 nimis
769 3243 946 3314 diligis
967 3283 984 3310 ,
1013 3243 1056 3298 si
1087 3235 1326 3313 quamvis
1358 3242 1583 3298 fortasse
1610 3257 1764 3297 sum-

166 3353 293 3405 tne,
331 3336 573 3391 nondum
604 3352 724 3391 eum
757 3334 932 3390 tamen
978 3335 1318 3406 singulariter
1357 3331 1580 3401 diligis:
1623 3333 1762 3403 quod

165 3439 254 3483 est
278 3468 294 3494 ,
329 3427 381 3481 si
411 3427 638 3480 alienam
678 3426 909 3496 aliQuam
947 3415 1364 3479 conmilationem
1407 3425 1636 3494 quaaris,
1681 3421 1763 3477 vel

160 3519 396 3587 recipis.
431 3518 617 3588 Cogita
649 3525 798 3586 ergo,
829 3517 952 3587 quid
982 3519 1085 3584 sit,
1118 3515 1257 3586 quod
1305 3517 1357 3570 in
1401 3517 1506 3570 vita
1548 3513 1636 3569 tua
1677 3530 1761 3570 ar-

161 3613 386 3669 dentius
415 3609 676 3673 dilexisti,
709 3612 898 3665 anxius
937 3608 1264 3675 concupisti,
1298 3607 1438 3677 quod
1483 3618 1534 3662 te
1573 3605 1763 3676 jucun-

163 3699 286 3759 dius
319 3701 622 3767 afﬁciebat,
645 3700 944 3769 ceterisque
973 3698 1220 3754 omnibus
1250 3696 1562 3767 profundius
1583 3697 1763 3752 delec-

163 3795 339 3860 tabat,
365 3792 454 3848 vel
480 3792 647 3863 potuit
665 3789 949 3847 delectare.
975 3790 1268 3845 Considera
1297 3803 1446 3860 ergo,
1471 3787 1514 3842 si
1537 3787 1760 3844 eandem

165 3881 479 3943 aﬂectionis
530 3879 834 3941 violentiam
876 3926 892 3951 ,
953 3878 1326 3938 delectationis
1383 3879 1760 3936 abundantiam

169 3981 373 4045 sentis,
407 3977 620 4048 quando
643 3977 695 4032 in
727 3975 921 4032 sumini
951 3969 1223 4029 dilectoris
1253 3972 1578 4028 desiderium
1609 3971 1758 4026 inar-

167 4072 370 4139 descis,
403 4072 617 4141 quando
644 4069 698 4123 in
725 4067 842 4138 ejus
867 4067 1155 4122 dilectione
1185 4064 1476 4135 requiescis
1501 4082 1513 4116 :
1538 4064 1758 4119 dubium

167 4165 308 4220 enim
357 4173 466 4218 non
514 4170 628 4228 est,
671 4159 813 4231 quod
869 4155 1018 4214 illum
1076 4156 1370 4212 all'ectionis
1425 4166 1530 4211 tua;
1581 4156 1758 4209 sinum

165 4247 408 4311 nondum
441 4253 605 4318 tenet,
633 4251 676 4307 si
703 4251 903 4306 intimis
930 4249 1233 4306 dilectionis
1262 4257 1364 4303 tua:
1391 4247 1610 4302 aculeus
1635 4245 1756 4301 ani-

169 4358 309 4400 mam
341 4347 492 4400 tuam
534 4345 590 4399 in
627 4335 822 4398 divinis
850 4335 1130 4396 aﬂ'ectilius
1157 4340 1333 4395 minus
1365 4347 1643 4406 penetrat,
1677 4346 1755 4392 te-

1872 3155 2072 3207 vacuis.
2100 3155 2246 3220 Opus
2269 3155 2431 3208 etiam
2475 3163 2560 3208 est
2597 3155 3006 3222 compunctione
3032 3197 3048 3224 ,
3095 3153 3447 3225 suspiriisque

1870 3244 2071 3311 magis,
2102 3257 2260 3310 quam
2291 3245 2618 3311 argumentis
2643 3261 2656 3296 :
2688 3245 2892 3298 crebris
2919 3245 3210 3313 gemitibus
3238 3247 3408 3314 magis
3428 3287 3444 3312 ,

1868 3349 2028 3404 quant
2058 3334 2292 3403 copiosis
2318 3333 2908 3402 argumentationibus;
2952 3334 3238 3404 lacrymis,
3285 3349 3443 3403 quatn

1867 3427 2177 3488 sententiis;
2211 3425 2484 3490 oratione,
2510 3438 2668 3494 quam
2699 3424 2928 3479 lecticae
2952 3440 2968 3488 ;
2995 3425 3161 3493 gratia
3188 3425 3446 3494 lacryma—

1867 3532 2019 3580 rum,
2063 3531 2221 3584 quam
2268 3516 2488 3571 scientia
2539 3515 2872 3578 litterarum;
2921 3513 3224 3569 caelestium
3273 3516 3446 3582 potius

1865 3607 2356 3676 contemplatione,
2399 3620 2559 3677 quam
2607 3604 2944 3660 terrestrium
2981 3606 3350 3672 occupatione.
3396 3605 3441 3660 Ο

1866 3699 1955 3754 lux
1988 3699 2246 3755 mentium
2276 3700 2447 3765 Deus,
2479 3697 2689 3766 expelle
2727 3712 2759 3751 a
2804 3712 2890 3753 me
2927 3697 3163 3752 stultitia:
3200 3705 3439 3760 noctem,

1863 3801 1920 3845 et
1945 3791 2085 3846 dona
2108 3791 2238 3846 mihi
2265 3790 2539 3861 sapientiae
2563 3789 2703 3845 diem
2730 3805 2744 3842 :
2775 3803 2905 3845 erue
2935 3789 3188 3844 veritates
3206 3829 3222 3855 ,
3250 3797 3304 3842 et
3328 3786 3444 3858 jus-

1864 3883 1995 3938 titite
2040 3884 2208 3938 solem
2250 3882 2318 3937 de.
2358 3882 2787 3952 profundissiniis
2826 3889 3031 3934 natura:
3074 3890 3177 3934 tum
3228 3878 3434 3934 sinibus

1863 3989 2076 4030 omnem
2123 3975 2452 4032 intellectum
2494 3974 2870 4043 superantibus
2916 3974 2968 4026 in
3014 3971 3216 4027 aethere
3265 3971 3432 4027 animi

1863 4069 2010 4124 mei:
2054 4083 2215 4136 super
2245 4078 2442 4124 terram
2472 4067 2650 4122 cordis
2690 4067 2794 4121 mei
2835 4066 3088 4135 extingue
3131 4063 3440 4130 pltantasias

1860 4176 2184 4231 corporum,
2234 4171 2289 4217 et
2329 4161 2700 4232 phantasmata
2746 4158 3012 4214 variarum
3057 4156 3438 4228 cogitationum

1863 4269 2124 4309 mearum.
2170 4254 2306 4310 Crea
2351 4253 2553 4324 prolem
2603 4252 3072 4322 intelligentiarum
3124 4260 3334 4305 tuarum
3380 4249 3438 4304 in

1861 4352 2013 4398 utero
2060 4343 2255 4398 mentis
2300 4357 2457 4402 mete.
2503 4341 2729 4398 Eﬂunde
2773 4341 3018 4412 spiritum
3071 4351 3217 4396 tuum
3273 4355 3430 4420 supes

166 4438 342 4507 pidius
371 4437 640 4507 exagitat.
676 4445 833 4504 quam
859 4433 913 4487 in
940 4432 1128 4488 alienis
1156 4431 1434 4487 aliectibus
1461 4430 1752 4501 aliquando
1783 4441 1830 4506 ο
1858 4450 2025 4506 aquas
2049 4436 2372 4493 inﬁrmitatis
2399 4451 2533 4492 meat
2551 4474 2569 4503 ,
2603 4445 2661 4490 ut
2685 4449 2977 4491 conversus
3006 4434 3071 4489 ad
3102 4443 3184 4499 te,
3215 4433 3429 4489 confor-

173 4537 492 4596 pcnetrare,
523 4526 610 4581 vel
649 4523 920 4594 exagitare
957 4523 1190 4591 solebat,
1235 4523 1320 4577 vel
1352 4529 1531 4590 posset
1575 4521 1752 4590 aliquo

169 4621 326 4676 modo
356 4629 560 4675 tractus
583 4617 658 4690 (ὑ)
686 4617 910 4686 alicujus
931 4615 1074 4671 allici
1098 4631 1111 4668 ε
1146 4625 1200 4670 ιιι
1226 4629 1438 4684 quoque
1464 4613 1532 4668 ab
1556 4627 1622 4669 eo
1653 4615 1754 4668 mi-

171 4723 270 4768 nus
307 4713 582 4785 diligeris,
615 4711 660 4766 si
692 4711 760 4766 ad
787 4704 1064 4765 tbcoricos
1089 4709 1209 4763 illos
1235 4723 1488 4764 excessus
1517 4707 1752 4764 nondum

173 4808 408 4871 vocaris,
440 4806 529 4860 vel
558 4810 838 4860 vocantem
863 4802 1016 4870 sequi
1043 4801 1277 4857 nondum
1311 4803 1590 4856 merueris.
1633 4800 1753 4855 lam

175 4913 274 4952 non
323 4900 523 4964 dicam,
566 4897 778 4967 inquit,
821 4895 910 4949 bos
945 4909 1153 4960 servos,
1209 4894 1298 4948 sed
1343 4895 1532 4947 amicos
1577 4907 1752 4961 meos,

173 4990 288 5058 quia
317 4991 492 5044 omnia
512 5023 527 5053 ,
556 4999 863 5056 quiscunque
889 4985 1064 5039 audivi
1089 5001 1121 5037 a
1151 4982 1312 5037 Patre
1338 4998 1473 5048 meo,
1504 4992 1625 5036 nota
1655 4983 1752 5053 feci

176 5081 309 5135 vobis
355 5083 454 5154 (τ).
501 5078 816 5135 Sublimitas
855 5091 985 5146 ergo
1023 5077 1329 5150 divinarum‘
1369 5075 1749 5131 rcvelationum

175 5179 254 5225 est
283 5170 624 5241 manifestum
664 5169 917 5227 indicium
944 5205 960 5235 ,
987 5169 1130 5237 quod
1162 5171 1391 5238 perfecte
1417 5167 1592 5238 diligis
1618 5205 1632 5235 ,
1665 5169 1750 5224 vel

178 5260 410 5332 diligeris
434 5298 450 5331 ,
479 5267 523 5319 si
555 5263 607 5317 in
633 5275 961 5317 summorum
991 5259 1261 5314 desiderio
1288 5259 1354 5313 ad
1401 5273 1628 5328 superna
1663 5273 1752 5312 ra-

181 5351 349 5420 peris,
382 5362 439 5410 et
466 5355 518 5408 in
549 5353 870 5424 anagbgicos
908 5351 1029 5406 illos
1065 5358 1288 5405 conatus
1318 5354 1514 5406 mentis
1543 5350 1746 5405 aliena-

184 5439 322 5500 tione
341 5443 557 5500 transis.
585 5444 647 5498 Et
672 5443 762 5514 qui
789 5443 910 5498 huic
933 5441 1404 5512 contemplationis
1431 5441 1610 5496 virtuti
1640 5439 1755 5496 vult

185 5545 366 5592 vacare
385 5577 400 5605 ,
428 5551 651 5594 necesse
675 5547 756 5593 est
775 5577 792 5605 ,
813 5545 872 5592 ut
891 5535 1061 5592 discat
1086 5535 1421 5605 requiescere
1448 5549 1554 5590 non
1579 5533 1748 5588 solum

255 5672 332 5742 (a)
365 5671 563 5742 Confer
590 5671 915 5742 cperumts.
942 5667 1242 5742 Augustini
1279 5664 1567 5723 editionem
1607 5679 1733 5722 nos-

187 5737 323 5798 train
356 5750 482 5800 tum.
526 5741 591 5799 Vl
626 5737 733 5798 col.
773 5737 1024 5797 863-898.
1052 5737 1221 5796 'Eot'r.

1861 4531 1963 4585 mis
1993 4529 2112 4585 Filii
2141 4531 2250 4598 tui,
2283 4530 2490 4586 videam
2522 4539 2573 4584 te
2601 4529 2656 4586 in
2687 4540 2770 4596 te,
2797 4539 2852 4584 et
2877 4530 3053 4584 omnia
3083 4530 3183 4584 sub
3210 4539 3280 4584 te.
3311 4531 3355 4583 0
3381 4536 3440 4584 ιιι

1861 4621 2143 4693 purissima
2185 4624 2415 4686 veritas,
2445 4629 2501 4675 tu
2529 4621 2652 4677 vide
2683 4631 2734 4677 te
2760 4621 2814 4676 in
2857 4629 2976 4687 me,
3017 4629 3072 4675 tu
3113 4620 3347 4689 intellige
3388 4629 3440 4676 te

1862 4716 1916 4769 in
1949 4729 2055 4769 me.
2091 4714 2194 4768 Per
2227 4729 2312 4769 me
2339 4715 2484 4768 enim
2516 4729 2622 4768 non
2654 4713 2811 4768 video
2839 4715 2939 4768 nisi
2971 4727 3102 4767 vana
3125 4754 3140 4779 ,
3171 4713 3314 4768 ﬂuxa
3337 4751 3353 4779 ,
3385 4723 3440 4770 et

1861 4805 2096 4872 caduca,
2129 4819 2226 4859 nec
2259 4804 2412 4859 video
2441 4804 2545 4857 nisi
2575 4803 2739 4869 falsa,
2769 4813 2824 4856 et
2849 4817 3107 4869 corporea
3141 4803 3432 4870 plasmata:

1860 4911 1960 4966 per
1989 4910 2074 4948 me
2103 4894 2233 4949 nihil
2261 4908 2410 4959 sum,
2441 4893 2544 4947 nisi
2578 4907 2722 4948 mors
2744 4931 2760 4959 ,
2790 4899 2845 4946 et
2871 4891 3097 4963 abyssus
3126 4893 3433 4960 tenebrosa,

1859 4995 1915 5042 et
1945 4984 2274 5054 imperfecta.
2308 4983 2366 5039 In
2391 4996 2440 5038 te
2467 4997 2584 5038 sum
2615 4982 2754 5053 quod
2783 4998 2902 5037 sum
2931 5000 2946 5049 ;
2980 4984 3030 5037 in
3063 4993 3116 5039 te
3145 4986 3264 5037 vivo
3292 4985 3435 5052 quod

1857 5077 1979 5132 vivo
2004 5091 2021 5127 :
2045 5077 2097 5130 in
2129 5085 2180 5131 te
2204 5075 2441 5144 intelligo
2459 5074 2602 5144 quod
2631 5073 2887 5143 intelligo,
2911 5074 3032 5144 quia
3062 5085 3114 5128 tu
3139 5088 3202 5130 es
3225 5089 3433 5131 summa

1857 5167 2236 5236 intelligentia,
2272 5172 2506 5224 essentia
2534 5178 2780 5232 summa;
2821 5170 2925 5221 vita
2967 5181 3172 5222 summa
3201 5209 3215 5233 ,
3246 5169 3426 5236 Pater,

1854 5270 1907 5316 et
1938 5258 2134 5323 Filius,
2183 5267 2239 5313 et
2279 5257 2512 5327 Spiritus
2554 5257 2814 5319 Sanctus.
2847 5258 3020 5312 unitas
3059 5259 3280 5328 triplex,
3312 5259 3434 5313 inli-

1855 5354 2003 5419 nita,
2043 5362 2097 5408 et
2136 5355 2254 5408 sine
2296 5351 2401 5407 nne
2445 5351 2586 5408 Deus
2623 5365 2761 5407 uns
2800 5355 2854 5406 in
2887 5350 3067 5408 secula
3107 5351 3429 5408 seculorum.

1857 5447 2046 5500 Amen.

1899 5660 1992 5727 (ι)
2031 5658 2282 5714 [fortasse
2318 5655 2609 5727 legendum
2646 5669 2730 5716 est
2766 5670 2952 5716 tractu.

1939 5662 1992 5727 lt)
2031 5662 2282 5714 [fortasse
2318 5662 2337 5712 ι
2405 5673 2451 5714 et

1913 5662 1993 5807 ἶο)
2031 5727 2190 5787 Joan.
2231 5743 2323 5795 xv,
2338 5672 2451 5785 τὸ.
