4018 6492
617 411 3852 460 Μ

2749 449 3852 475 Ἦ

681 513 1260 672 SERMllNES
1325 520 1842 696 0UM‘UOR
1914 523 2338 678 SANGTll
2397 528 3036 690 AUGUSTINll
3101 520 3801 700 ATTRIBU’I‘I‘.

1476 763 2991 817 W—

689 1021 900 1077 Fratres
929 1024 974 1076 si
996 1020 1442 1076 conresurrexistis
1465 1036 1580 1075 eum
1602 1019 1819 1087 Christo,
1853 1037 1966 1090 qua:
1986 1037 2188 1075 sursum

615 1124 733 1170 sunt
753 1114 962 1185 querite,
985 1113 1068 1167 ubi
1091 1111 1321 1167 Christus
1341 1121 1414 1166 est
1431 1114 1482 1166 in
1505 1113 1714 1166 dextera
1740 1112 1830 1164 Dei
1857 1112 2057 1177 sedens,
2080 1121 2185 1168 etc.

619 1205 842 1276 (Coloss.
877 1221 954 1271 ιιι,
1001 1206 1077 1273 1).
1119 1205 1324 1260 Domini
1358 1205 1526 1260 nostri
1556 1205 1683 1260 Jesu
1713 1204 1907 1259 Christi
1954 1205 2187 1260 honora-

617 1295 779 1352 bilem
809 1297 1258 1365 sollempnitatem
1289 1311 1381 1351 sua
1414 1296 1629 1352 favente
1659 1295 1962 1360 clementia,
1998 1295 2188 1351 fratres

619 1385 910 1456 ltarissimi,
958 1389 1183 1444 ﬁdeliter
1212 1404 1529 1444 veneremur
1570 1390 1879 1459 pietatemq.
1909 1388 2025 1459 ejus
2055 1389 2188 1444 inef-

619 1476 829 1534 fabilem
871 1478 937 1533 ad
968 1480 1275 1534 memoriam
1327 1493 1665 1548 revocemus,
1719 1480 1808 1550 qui
1855 1495 1963 1534 non
2015 1479 2186 1536 solum

619 1578 816 1625 nostra:
837 1568 1218 1640 redemptionis
1244 1585 1403 1626 causa
1436 1571 1720 1626 humanam
1753 1585 1968 1626 carnem
1999 1585 2186 1627 susce-

617 1661 720 1733 pit,
745 1676 926 1718 verum
949 1663 1107 1719 etiam
1132 1663 1340 1718 diversa
1369 1677 1568 1735 genera
1591 1679 1864 1735 pmnarum
1891 1681 1986 1735 pro
2007 1677 2187 1722 nostra

617 1754 788 1809 salute
832 1754 1012 1809 subire
1059 1738 1304 1824 dignatus
1353 1763 1460 1812 est.
1510 1756 1576 1810 Et
1624 1757 1746 1812 licet
1797 1765 1916 1827 post
1962 1757 2187 1812 multum

619 1845 831 1900 inercirc
860 1853 916 1900 et
945 1845 1168 1916 pigritia:
1217 1855 1414 1902 nostra:
1458 1849 1720 1905 somnium
1750 1865 1854 1904 non
1888 1849 2055 1914 inviti,
2089 1847 2186 1904 sed

620 1935 932 1989 voluntaria:
955 1945 1153 1990 sanctae
1182 1944 1236 1991 et
1260 1936 1574 1994 Christianas
1598 1939 1868 2010 religionis
1899 1939 2184 1996 dulcedine

621 2037 940 2096 provocante
982 2027 1038 2082 in
1083 2029 1418 2086 sanctissime
1461 2033 1874 2102 sollempnitatis
1922 2046 2186 2092 conventu

615 2117 990 2187 expergefacti,
1038 2119 1266 2175 libenter
1298 2120 1567 2178 etdevote
1598 2139 1717 2180 cum
1749 2127 1893 2181 omni
1925 2127 2185 2182 sollicitu-

617 2209 741 2265 dine
785 2225 1123 2280 resurgamus
1154 2203 1442 2268 secundum
1472 2215 1596 2270 illud
1629 2217 1769 2284 quod
1797 2218 2085 2288 Apostolus
2113 2220 2188 2276 ait

619 2300 670 2356 in
698 2301 932 2370 presenti
973 2301 1200 2357 lectione
1224 2321 1237 2357 :
1267 2304 1328 2359 Si
1354 2309 1798 2362 conresurrexistis
1819 2327 1930 2363 cum
1957 2308 2182 2379 Christo,

613 2408 730 2465 qua
754 2409 952 2448 sursum
981 2405 1097 2450 sunt
1123 2398 1446 2466 querite,.ubi
1474 2398 1705 2456 Christus
1733 2410 1807 2456 est
1831 2402 1896 2455 ad
1924 2402 2186 2457 dexteram

615 2479 714 2539 Dei
739 2485 936 2541 sedens.
981 2485 1109 2554 Qum
1135 2504 1341 2543 sursum
1369 2499 1487 2544 sunt
1527 2491 1712 2563 sapite,
1749 2509 1848 2548 non
1891 2509 2006 2561 qua:
2033 2506 2186 2563 super

619 2583 827 2630 terram.
869 2578 986 2632 Acsi
1021 2578 1268 2633 dicatur:
1299 2563 1404 2634 Nos
1433 2582 1522 2650 qui
1557 2582 1622 2637 ad
1653 2583 1938 2654 imaginem
1989 2595 2186 2642 sanctae

619 2664 889 2722 Trinitatis
937 2670 1136 2724 conditi
1185 2685 1392 2735 sumus,
1436 2675 1570 2728 trina
1611 2676 1986 2735 submersione
2013 2680 2188 2750 bapti-

617 2758 718 2811 zati
750 2772 840 2826 per
871 2759 1256 2816 invocationem
1287 2763 1523 2833 ejusdem
1563 2777 1761 2822 sanctae
1789 2770 2087 2839 Trinitatis,
2119 2772 2185 2828 ad

618 2847 862 2904 eamdem
894 2865 1210 2907 renovamur
1247 2855 1552 2925 imaginem.
1588 2857 1652 2912 Et
1679 2859 1770 2928 qui
1797 2862 1935 2916 trino
1966 2873 2185 2931 peccato

618 2940 847 2996 maxime
885 2941 1182 2999 decidimus
1223 2946 1277 3001 in
1324 2957 1570 3015 mortem,
1622 2950 1760 3006 idest
1786 2953 1839 3007 in
1866 2955 2185 3023 cogitatione

619 3031 818 3103 iniqua,
864 3035 914 3088 in
943 3035 1288 3095 dilectatione
1315 3042 1491 3097 carnis
1519 3057 1784 3100 consensu
1815 3061 2038 3114 Operum
2071 3065 2184 3105 ma-

617 3120 808 3188 lorum,
843 3125 997 3180 tertio
1023 3127 1212 3184 elevati
1253 3130 1320 3185 de
1368 3131 1534 3200 fonte,
1585 3135 1898 3192 remissione
1947 3140 2186 3196 omnium

618 3224 952 3282 peccatorum
983 3229 1229 3290 precepta
1253 3220 1567 3296 [percepta],
1594 3241 1687 3297 per
1709 3227 1908 3285 Christi
1930 3233 2179 3300 gratiam,

615 3303 754 3360 sicut
782 3308 893 3377 ipse
916 3312 1067 3366 tertia
1113 3313 1197 3369 die
1227 3318 1540 3387 resurrexit,
1588 3334 1684 3375 nos
1731 3336 2071 3394 resurgamus
2115 3329 2181 3383 ad

615 3396 799 3453 vitam.
826 3399 930 3456 Nos
955 3417 1084 3457 vero
1111 3405 1156 3458 si
1182 3419 1506 3479 consurgere
1529 3411 1770 3479 cupimus
1793 3428 1914 3469 cum
1943 3417 2175 3484 Christo,

617 3490 762 3560 prius
789 3494 1081 3551 moriamur
1101 3499 1300 3553 mundo
1321 3510 1374 3555 et
1393 3505 1836 3574 concupiscentiis
1856 3510 2176 3580 carnalibus,

610 3590 666 3636 et
686 3580 1013 3651 deponamus
1031 3596 1261 3644 veterem
1283 3591 1574 3662 hominem,
1601 3596 1652 3650 id
1672 3607 1755 3652 est
1776 3600 1968 3656 malam
1993 3603 2178 3660 volun-

2213 887 2260 944 Α
2293 883 2344 939 in
2399 885 2569 956 gloria
2633 895 3010 950 resurrecturi.
3066 897 3234 957 Nobis
3285 905 3434 960 enim
3491 916 3549 962 et
3598 925 3694 976 pro
3732 916 3857 971 nobis

2269 977 2532 1031 nascitur
2559 978 2822 1055 Christus,
2853 987 3046 1054 patitur
3065 1001 3122 1046 et
3144 995 3405 1067 resurgit,
3440 1007 3502 1052 ut
3531 1015 3631 1056 nos
3655 1007 3702 1056 in
3725 1008 3858 1064 vitata

2291 1081 2389 1135 per
2417 1069 2590 1138 ipsum
2622 1088 2988 1149 renascamur,
3034 1083 3085 1137 in
3120 1085 3567 1147 tribulationibus
3590 1103 3646 1147 et
3673 1110 3783 1151 cum
3807 1116 3859 1154 eo

2289 1166 2675 1234 conpatiamur,
2709 1178 2764 1223 et
2793 1186 2913 1226 cum
2940 1188 3006 1228 eo
3038 1177 3329 1235 virtutibus
3349 1197 3728 1253 resurgamus.
3755 1190 3859 1246 0m-

2292 1251 2376 1307 nia
2410 1270 2502 1324 per
2535 1257 2704 1326 ipsum
2736 1260 2787 1314 in
2821 1262 2921 1316 hac
2947 1277 3103 1322 nocte
3134 1280 3443 1328 restaurata
3476 1290 3648 1341 sunt;
3695 1282 3743 1334 in
3780 1285 3858 1339 hac

2290 1343 2485 1414 quippe
2509 1359 2667 1404 nocte
2692 1353 2845 1420 quasi
2873 1355 3120 1422 primitiae
3141 1360 3538 1420 dormientium
3569 1377 3854 1439 resurrexit,

2291 1444 2350 1490 ut
2376 1453 2475 1493 nos
2501 1455 2689 1496 omnes
2719 1445 2899 1512 postea
2932 1465 3298 1523 resurgamus.
3355 1459 3409 1529 ln
3443 1461 3548 1516 hac
3579 1479 3705 1533 ergo
3731 1479 3857 1524 nocte

2290 1528 2573 1597 captivitas
2604 1545 2783 1588 neStra
2814 1536 3058 1605 solvitur,
3087 1545 3190 1598 vita
3231 1547 3282 1600 in
3317 1528 3496 1604 Adam
3529 1528 3730 1610 amissa
3763 1575 3856 1612 res-

2261 1627 2551 1698 .tauratur;
2572 1625 2621 1679 in
2648 1625 2744 1681 hac
2765 1640 2921 1703 nocte
2944 1637 3346 1704 protoplaustus
3369 1642 3549 1698 Adam
3578 1653 3856 1719 peregrinas

2289 1715 2426 1771 redit
2455 1719 2519 1772 ad
2552 1723 2775 1788 patriam
2810 1727 3074 1800 paradysi.
3125 1731 3208 1788 Ab
3254 1733 3358 1790 hac
3398 1739 3556 1793 enim
3601 1715 3751 1799 nocte
3778 1746 3857 1799 De-

2289 1808 2500 1864 minica:
2557 1818 2966 1874 resurrectionis
3027 1824 3326 1897 paradysus
3381 1833 3651 1888 omnibus
3697 1848 3851 1905 patet;

2289 1901 2422 1956 nulli
2469 1903 2734 1960 clauditur
2765 1909 2921 1963 nisia
2952 1927 3012 1968 se
3040 1914 3190 1985 ipso;
3244 1920 3380 1975 nulli
3426 1927 3679 1992 aperitur
3699 1901 3855 1986 seu

2287 1994 2521 2051 Christo.
2552 1999 2618 2054 Et
2643 2001 2762 2058 ideo
2788 2017 2906 2064 cum
2934 2007 3080 2063 omni
3114 2010 3490 2075 sollicitudine
3508 2033 3786 2078 caveamus
3807 2040 3856 2080 ne

2292 2095 2506 2156 propter
2535 2104 2699 2174 opera
2729 2093 2926 2151 diaboli
2965 2114 3084 2166 qua:
3123 2104 3455 2168 pertrahunt
3486 2110 3556 2164 ad
3592 2113 3852 2183 interitum,

2292 2189 2531 2251 apertum
2550 2172 2715 2240 nobis
2741 2187 2836 2242 iter
2865 2189 3257 2260 regni'celestis
3281 2213 3385 2253 nos
3406 2201 3517 2270 ipsi
3542 2172 3852 2274 claudamus;

2217 2263 2265 2323 B
2291 2269 2384 2326 sed
2408 2273 2583 2341 potius
2605 2290 2700 2345 per
2714 2292 2879 2346 opera
2909 2280 3218 2350 justitize'et
3241 2263 3649 2352 misericordia
3679 2263 3854 2366 planed

2289 2363 2442 2418 nobis
2479 2365 2580 2420 iter
2611 2365 2870 2425 faciamus
2909 2373 2974 2428 ad
3003 2391 3164 2447 regna
3195 2381 3468 2438 celorum.
3499 2386 3648 2458 Ergo
3679 2363 3854 2449 humili-

2290 2462 2398 2509 tate
2437 2466 2620 2512 nostra
2663 2460 3013 2520 humilitatem
3056 2483 3152 2536 pro
3182 2472 3342 2527 nobis
3375 2474 3600 2533 Domini
3638 2486 3792 2538 nostri
3815 2487 3853 2542 ia

2288 2548 2600 2603 memoriam
2649 2567 2995 2625 revocemus;
3042 2558 3320 2619 humiliter
3355 2567 3409 2624 in
3437 2569 3545 2624 ista
3583 2573 3852 2644 vigilens,

2289 2633 2558 2693 humiliter
2585 2654 2800 2697 oremus
2826 2646 2890 2700 ad
2917 2663 3036 2702 eum
3068 2653 3160 2720 qui
3193 2655 3352 2712 nobis
3384 2661 3566 2728 gloria
3598 2665 3684 2719 sui
3714 2671 3852 2723 nenii-

2290 2727 2371 2781 nis
2402 2727 2739 2788 inluininavit
2767 2736 2903 2813 hanc
2927 2750 3159 2798 noctem.
3183 2745 3285 2802 Cui
3317 2727 3563 2808 dicimus
3591 2773 3603 2807 :
3637 2756 3852 2817 Dominus

2288 2837 2458 2889 meus,
2494 2827 2752 2884 inlumina
2802 2833 3046 2890 tenebras
3089 2853 3266 2905 meas;
3320 2843 3596 2915 illumque
3642 2866 3851 2921 rogemus

2289 2924 2346 2970 ut
2374 2918 2590 2985 prebeat
2613 2919 2786 2976 lucem
2809 2925 3058 2981 cordibus
3084 2931 3307 2994 nostris,
3339 2943 3404 2987 ut
3425 2918 3847 3004 quemadmod

2287 3007 2644 3074 gaudentibus
2674 3014 2846 3068 oculis
2878 3017 3032 3071 istum
3064 3020 3416 3089 splendorem
3464 3031 3725 3090 luminum
3759 3053 3847 3092 eer-

2288 3095 2480 3165 nimus,
2533 3099 2601 3153 ita
2645 3101 2805 3171 hujus
2835 3107 3005 3162 noctis
3038 3114 3351 3179 praeclaram
3399 3120 3636 3188 gloriam
3668 3126 3846 3184 inlumi-

2285 3196 2408 3244 nata
2435 3201 2616 3248 mente
2647 3195 2956 3265 videamus;
2989 3202 3272 3275 ipsumque
3311 3226 3611 3279 precemur
3640 3231 3694 3273 ut
3717 3238 3846 3276 exau-

2285 3281 2393 3337 diat
2425 3300 2521 3341 nos
2550 3288 2825 3359 vigilantes
2875 3292 2925 3348 in
2966 3295 3366 3366 sollempnitate
3419 3322 3546 3376 sua,
3595 3314 3727 3381 quod
3753 3316 3846 3372 dor-

2285 3374 2457 3429 miunt
2488 3375 2581 3448 [sic
2606 3379 2760 3452 mss.]
2789 3399 2884 3454 pro
2917 3387 3090 3443 salute
3114 3401 3325 3452 nostra.

2357 3465 2647 3538 Vigilemus
2683 3487 2809 3544 ergo
2840 3485 2895 3530 et
2923 3491 3159 3548 oremus,
3197 3485 3513 3545 forinsecus
3544 3503 3602 3548 et
3631 3497 3844 3556 intrinse-

2282 3571 2378 3614 cus
2401 3559 2535 3615 hanc
2562 3565 2792 3633 vigiliam
2820 3569 3175 3628 celebremus.
3213 3577 3486 3635 Dominus
3519 3587 3676 3643 nobis
3704 3591 3841 3659 loqui-

756 3641 770 3651 _
1127 3641 1163 3643 _,
1601 3641 1652 3650 ...
1673 3641 1968 3656 ν..-...........
2000 3641 2178 3660 ,νιυιι-
2398 3651 2409 3663 .
2578 3656 2589 3667 .
2669 3659 2679 3668 .
2883 3661 2894 3672 .
2945 3681 2957 3692 ο
3151 3669 3161 3679 .
3621 3682 3632 3691 ,
3808 3685 3818 3696 ,

612 3677 795 3737 tatem,
815 3673 897 3727 vel
919 3690 1069 3730 usum
1095 3693 1310 3746 pravum
1329 3691 1382 3736 et
1401 3683 1785 3744 delectationes
1801 3693 2084 3758 pessimae;
2103 3695 2176 3749 in-
2206 3641 2251 3706 Ο
2283 3659 2368 3758 ξω
2394 3667 2447 3707 m
2473 3653 2788 3758 “99°”???
2814 3675 2959 3758 sm?’
3012 3666 3238 3758 pomum
3272 3672 3583 3742 loquamur
3618 3697 3667 3734 ¹“
3697 3698 3841 3751 pm'

609 3759 836 3818 duamns
865 3779 961 3818 nos
990 3765 1396 3841 benignitatem,
1437 3782 1489 3828 et
1520 3778 1776 3844 proximis
1815 3783 2015 3838 nostris
2055 3800 2174 3841 cum

607 3853 753 3906 omni
779 3853 1060 3912 devotione
1085 3858 1220 3914 bona
1247 3859 1529 3930 faciamus;
1553 3875 1606 3921 et
1634 3877 1753 3937 post
1776 3869 1984 3929 Domini
2005 3875 2174 3933 dilec-

607 3942 806 4003 tionem
839 3947 967 4002 nihil
997 3951 1164 4006 amori
1191 3955 1417 4022 proximi
1449 3971 1829 4029 preponamus,
1867 3965 1963 4020 sed
1994 3978 2050 4022 ut
2075 3983 2174 4026 nos

605 4041 749 4109 ipsos
773 4035 892 4098 illos
921 4039 1228 4118 diligamus.

673 4131 924 4203 Sequitur
950 4160 960 4188 :
991 4138 1115 4204 Qua:
1147 4150 1352 4196 sursum
1383 4147 1501 4193 sunt
1529 4143 1712 4213 sapite,
1753 4161 1855 4200 non
1879 4163 1995 4215 qua:
2018 4167 2172 4223 super

604 4227 818 4290 terram;
847 4234 1048 4281 tantum
1078 4243 1138 4283 ea
1163 4247 1280 4301 quae
1310 4229 1524 4290 celestis
1568 4241 1690 4288 sunt
1711 4275 1727 4300 ,
1771 4250 1873 4307 non
1910 4255 2030 4309 qua:
2061 4252 2168 4298 ter-

602 4315 792 4369 restria
839 4330 1120 4385 querentes
1156 4340 1182 4388 ;
1218 4333 1373 4382 terra:
1420 4331 1580 4399 mori,
1623 4327 1803 4390 vivere
1844 4342 2022 4387 autem
2059 4336 2167 4392 Do-

599 4404 780 4472 mino;
832 4410 1082 4466 celestem
1124 4419 1316 4472 sectari
1361 4421 1695 4490 sapientiam,
1732 4441 1835 4482 non
1878 4440 2164 4491 terrenam.

597 4494 728 4551 Nam
768 4500 1013 4557 subditur
1039 4520 1056 4559 :
1085 4504 1278 4562 Μονιαὶ
1306 4512 1438 4564 enim
1463 4516 1600 4579 estis,
1635 4525 1680 4569 et
1705 4518 1804 4571 vita
1826 4531 1998 4575 nostra
2045 4526 2165 4580 αὔε-

594 4588 799 4644 condita
845 4600 921 4646 est
941 4608 1054 4648 cum
1076 4592 1277 4653 Christo
1299 4601 1349 4653 iu
1380 4599 1669 4662 Domino...
1701 4606 1831 4680 Cum
1853 4612 1994 4666 enim
2021 4628 2164 4671 mor-

597 4682 669 4737 tui
693 4683 892 4740 erimus
935 4688 1132 4744 mundo
1155 4699 1212 4744 et
1245 4689 1587 4751 facultatibus
1609 4697 1728 4767 ejus
1755 4710 1916 4772 atque
1946 4702 2162 4762 deside-

594 4774 688 4829 riis
715 4776 854 4847 ejus,
883 4779 989 4834 vita
1032 4791 1210 4837 nostra
1255 4784 1566 4844 abscondita
1595 4799 1676 4845 est
1711 4805 1831 4847 cum
1859 4791 2076 4851 Christo
2106 4799 2158 4854 in

595 4865 850 4933 Domino,
881 4871 1000 4939 quia
1046 4872 1142 4940 (itii
1183 4873 1396 4931 Domini
1441 4895 1638 4935 sumus.
1689 4881 1841 4938 Unde
1877 4887 2155 4955 sequitur:

589 4955 716 5012 Cum
742 4960 876 5014 enim
903 4961 1140 5018 Christus
1168 4972 1468 5036 apparuerit
1500 4973 1602 5028 vita
1630 4985 1817 5042 uestra,
1848 4987 1968 5032 tunc
1995 4990 2043 5034 et
2069 4997 2155 5036 vos

591 5053 896 5120 apparebitis
937 5071 1050 5109 cum
1091 5061 1201 5128 ipso
1235 5061 1290 5114 in
1314 5063 1504 5131 gloria.
1552 5065 1795 5123 Nondum
1823 5071 1962 5124 cnim
1993 5086 2156 5142 appa-

586 5147 669 5191 ret
694 5139 815 5208 quid
855 5149 946 5196 aut
973 5146 1156 5212 quales
1184 5145 1347 5203 futuri
1390 5165 1575 5207 sumus
1604 5154 1670 5208 ad
1695 5154 1953 5224 judicium
1983 5177 1998 5223 ;
2029 5139 2150 5214 cum

584 5239 761 5285 autem
804 5229 1048 5289 Christus
1074 5236 1140 5290 ad
1161 5237 1481 5306 judicantlos
1523 5244 1674 5301 vivos
1701 5255 1756 5301 et
1782 5257 2017 5304 mortuos
2046 5262 2152 5320 ap-

583 5317 836 5388 paruerit,
872 5329 996 5377 tunc
1025 5332 1081 5380 et
1108 5338 1203 5381 nos
1240 5327 1398 5385 simul
1445 5345 1565 5387 cum
1610 5333 1730 5404 ipso
1769 5317 2144 5408 apparebimus

2184 5029 2234 5089 Ι)

2282 3743 2382 3798 bus
2411 3747 2628 3803 nostris.
2660 3749 2715 3805 Si
2741 3749 2948 3822 eloquia
2978 3757 3091 3825 ejus
3123 3761 3451 3822 ohedienter
3479 3743 3769 3842 audiamus,
3797 3776 3841 3832 in

2281 3836 2447 3902 nobis’
2482 3838 2686 3894 habitat
2714 3857 2871 3910 quem
2906 3860 3152 3918 rogamus
3179 3871 3192 3905 :
3223 3855 3312 3910 cui
3342 3869 3432 3914 est
3462 3861 3638 3919 honor
3668 3876 3717 3921 et
3741 3836 3842 3938 glo-

2279 3924 2356 3982 ria
2383 3927 2436 3983 in
2463 3931 2644 3985 secula
2669 3937 2988 3992 seculorum.
3022 3940 3214 4000 Amen.

3028 4053 3104 4116 ll.

2345 4139 2580 4212 Fratres,
2627 4158 2904 4219 expurgate
2931 4159 3069 4207 vetus
3096 4153 3438 4228 fermentum,
3496 4173 3553 4218 ut
3580 4168 3689 4221 sitis
3730 4185 3840 4223 more

2272 4237 2587 4306 consparsio,
2609 4237 2741 4292 sicut
2765 4242 2884 4295 estis
2906 4244 3080 4312 azimi,
3107 4255 3214 4304 etc.
3244 4248 3297 4318 (Ι
3315 4248 3439 4306 Cor.
3464 4270 3516 4317 ν,
3548 4257 3626 4327 7).
3658 4257 3836 4316 Resur-

2272 4327 2439 4382 rectio
2468 4328 2675 4384 Domini
2708 4333 2878 4386 nostri
2907 4333 3032 4389 Jesu
3062 4334 3284 4404 Christi,
3321 4341 3523 4402 fratres
3566 4347 3836 4416 karissimi,

2271 4417 2427 4473 ﬁdem
2457 4429 2692 4484 nostram
2725 4424 2958 4486 roborat
2989 4440 3108 4482 cum
3153 4427 3294 4484 facta
3342 4437 3608 4504 creditur,
3653 4457 3835 4496 memo-

2267 4517 2398 4572 riam
2421 4519 2539 4588 ejus
2570 4532 2792 4578 renovat
2831 4539 2950 4579 cum
2981 4524 3359 4597 sollempnitet'
3388 4530 3712 4594 celetratnr.
3747 4535 3834 4596 De-

2269 4609 2431 4681 nique
2459 4627 2580 4667 cum
2613 4625 2737 4672 ante
2767 4623 2935 4673 annos
2961 4617 3223 4688 plurimos
3252 4621 3507 4680 Christus
3536 4635 3829 4694 resurrexit,

2254 4714 2370 4768 non
2419 4703 2648 4760 absurde
2694 4706 2945 4777 dicimus,
2991 4710 3208 4780 quando
3249 4715 3630 4776 anniversario
3673 4724 3829 4779 reditu

2263 4793 2365 4849 ista
2391 4796 2764 4868 sollempnitas
2788 4811 3130 4871 presentatur
3153 4822 3168 4860 :
3193 4805 3367 4863 Hodie
3390 4810 3654 4869 Dominus
3671 4831 3829 4871 resar-

2259 4886 2417 4941 rexit.
2450 4888 2601 4954 Quod
2629 4905 2756 4960 ergo
2787 4892 2940 4948 annis
2981 4895 3231 4952 omnibus
3277 4899 3503 4957 iteratur
3548 4919 3667 4960 cum
3697 4905 3828 4960 omni

2258 4975 2543 5035 devotione
2564 4995 2723 5051 agere
2754 4983 3030 5040 debemus.
3060 4986 3127 5040 Et
3155 4989 3298 5058 quod
3331 4990 3536 5049 factum
3565 5007 3646 5050 est
3674 4997 3828 5052 semel

2262 5077 2319 5121 ιιι
2363 5069 2769 5139 redimeremur,
2801 5074 2904 5130 hoc
2934 5061 3236 5134 institutum
3267 5090 3354 5136 est
3395 5098 3467 5139 ne
3495 5084 3826 5144 obliviscere-

2259 5173 2412 5221 mur:
2454 5175 2578 5216 nam
2618 5164 2708 5230 qui
2753 5163 2910 5218 istum
2952 5165 3093 5221 diem
3139 5167 3299 5238 digne
3346 5174 3496 5242 cupit
3543 5177 3822 5246 celebrare,

2256 5253 2549 5308 meminere
2580 5255 2740 5310 debet
2777 5257 2916 5326 quod
2963 5259 3236 5327 apostolus
3276 5261 3480 5320 Paulus
3517 5268 3595 5321 ait
3636 5268 3688 5325 in
3718 5286 3823 5339 pre-

2254 5343 2393 5398 senti
2424 5343 2688 5401 lectione:
2715 5343 3014 5419 Expurgate
3063 5360 3202 5405 vetus
3254 5355 3582 5426 iumentum,
3623 5369 3678 5414 at
3727 5363 3823 5416 sitis

646 5435 677 5469 “
709 5435 1146 5543 Esuliis'qu‘atnpr
1173 5445 1506 5543 sermonibus
1525 5448 1660 5543 d'uos
1688 5448 1914 5543 priores,
1947 5450 2000 5506 in
2044 5451 2167 5535 loca
2193 5452 2252 5543 ει
2287 5453 2438 5543 gauli
2475 5456 2811 5543 adornatos,
2833 5461 2983 5543 titulo
3011 5472 3186 5543 autem
3236 5473 3294 5519 et
3322 5469 3541 5525 nomine
3568 5485 3818 5540 carentes,

646 5520 791 5543 nnml
823 5523 898 5543 ,ιη
1011 5523 1072 5543 ηι.
1101 5524 1303 5543 ..........
1400 5531 1451 5543 ..
1481 5528 1544 5543 η..
1594 5531 1694 5543 η..
1832 5535 2082 5543 -.------,
2120 5537 2221 5543 ___
2258 5539 2305 5543 _-

575 5507 951 5612 suppfditavi't;
973 5507 1307 5612 dogt‘is‘s‘imus
1360 5507 1705 5573 bibliotheca;
1737 5507 2438 5612 ΙΑΞιι-ἰιίεθιιειίε,ιιι-ειιιὶιςιιιιεξ
2462 5507 2555 5596 qui
2567 5507 3818 5612 66;:ityn;ibgéii'iiiiiis,‘éiiigiili’szﬁﬁtﬁ‘ﬁ

575 5588 636 5612 νυ
761 5591 898 5612 nam“
925 5593 936 5612 ι
967 5578 1022 5612 ηυ
1238 5597 1342 5612 ..Α-
1369 5585 1483 5612 ..;..,.
1513 5586 1706 5612 ε..,..-...ε
1756 5603 1780 5612 ..
1827 5604 1912 5612 -..Α
1945 5593 2236 5612 unum-“
2289 5595 2355 5612 ιω
2403 5605 2442 5612 Α.
2472 5611 2504 5612 ,,
2581 5605 2618 5612 ,.

574 5574 730 5658 vel
751 5578 944 5658 pauculi
966 5578 1022 5632 η’
1051 5577 1484 5658 Ξρρξηιιοη-βίηρ
1511 5586 1709 5658 ingenti
1737 5589 1914 5645 labore

574 5642 760 5718 peritis
809 5646 1030 5718 vldetur,
1089 5642 1402 5718 Mabljlonii,
1457 5659 1558 5712 seri

1940 5591 2243 5680 exscribere
2271 5591 2513 5680 dignm-us
2541 5605 2642 5680 est.
2670 5599 2925 5680 latrante
2955 5591 3110 5680 hujus
3148 5591 3742 5680 _m:anus_cripti,vmarnu,
3760 5591 3818 5671 '

1566 5667 1709 5727 ptum
1734 5667 1861 5750 est:
1898 5661 2048 5727 Quod
2078 5661 2394 5750 lectiones‘irt
2435 5661 2856 5750 fistuliepistom
2887 5661 3161 5750 Augustini
3186 5674 3310 5750 siut.
3343 5661 3818 5750 Ducis

570 5724 634 5813 εξ
663 5713 830 5813 altero
856 5713 1843 5813 ejmitem.‘biblipthecsejmanuscripto
1887 5713 3161 5813 agerem'iii'igéiig'ri'gigiliiiiiﬁidiciiiiqué
3186 5713 3814 5809 ⁷ίιιείιιηιίιυψιειιιῖἧῖὶῗιιιῗιίῗῗ

570 5778 823 5850 Rspports
851 5778 938 5838 sur
964 5784 1036 5842 (ss
1064 5778 1924 5861 tuumque.*aéi'dsidiiiméni}

1952 5800 2015 5854 de
2044 5800 2254 5857 t'Ousst.
2288 5802 2437 5859 Paris
2466 5805 2620 5862 18H;

3384 5814 3542 5878 Enn.
