4018 6460
138 346 264 411 ttsa

895 335 1255 402 SERMONES
1294 338 1625 412 QUATUOR
1662 336 1721 397 S.
1765 334 2060 394 AUGUST.
2102 329 2492 392 ATTRIBUTI.

3233 327 3372 386 ΗΜ

136 479 257 525 novu
295 460 609 536 conspersis,
637 460 767 516 sicut
806 459 927 514 estis
956 461 1134 536 aaimi.
1172 456 1570 536 Excludendum
1604 461 1688 510 est
1709 441 1765 515 Α
1789 465 1908 506 cum
1949 451 2048 506 iste
2073 450 2368 506 debellator
2397 457 2578 504 nostra
2627 447 2859 504 claustra
2887 445 3151 503 vexabat?
3179 447 3281 501 Iste
3318 445 3372 502 si

135 579 256 627 ergo
300 572 455 614 omne
496 556 819 610 fermentum
865 556 1066 622 peccati
1098 551 1166 607 de
1195 549 1448 606 cordibus
1492 547 1690 604 nostris

135 667 187 710 ut
217 669 338 722 pura
368 657 546 705 mente
573 654 629 704 et
653 655 796 704 recta
848 643 1174 700 conscientia
1225 654 1493 708 tamquam
1526 652 1690 710 panes

135 747 281 803 asimi
311 737 629 808 efficiamus,
664 752 720 796 ut
749 749 894 796 recte
935 739 1136 794 Pascha
1173 735 1387 791 Domini
1417 733 1692 788 celebrare

135 850 408 905 possuuus.
468 834 662 889 Verum
713 832 759 887 si
803 829 1122 886 fermentum
1165 828 1365 898 peccati
1393 837 1446 881 et
1474 824 1691 898 malitias

132 933 179 985 iu
214 929 368 983 corde
416 935 716 988 teneamur,
763 939 867 977 non
916 935 1187 976 meremur
1231 918 1431 974 Pascha
1483 915 1692 971 Domini

134 1023 432 1083 celebrare;
466 1027 520 1074 et
566 1017 690 1072 ideo
737 1014 1021 1085 Apostolus
1068 1013 1179 1066 ait:
1209 1008 1512 1080 Expurgate
1551 1015 1694 1062 uetus

137 1119 447 1184 ferittentunt,
471 1119 526 1164 ut
549 1109 659 1163 sitis
690 1123 818 1160 nova
843 1104 1158 1184 consparsio,
1186 1102 1318 1156 sicut
1349 1101 1468 1155 estis
1516 1098 1690 1153 azimt'.

129 1200 293 1258 Azimi
325 1214 533 1266 sumus,
565 1199 608 1252 si
639 1194 798 1252 alieni
829 1209 1012 1250 sumus
1037 1174 1276 1248 ab'omni
1298 1189 1692 1260 conscriptione

128 1293 342 1364 peccati.
392 1289 657 1346 Modicum
713 1288 859 1342 enim
909 1289 1229 1356 fermentum,
1261 1293 1322 1338 ut
1356 1282 1548 1337 Paulus
1593 1281 1692 1348 ait,

130 1397 277 1442 totam
300 1401 520 1439 massam
551 1383 848 1453 corrumpit.
897 1379 964 1434 Et
1008 1379 1127 1433 ideo
1170 1391 1465 1447 expurgare
1495 1384 1550 1430 et
1576 1374 1695 1430 abi-

128 1495 241 1536 cere
280 1479 541 1535 debemus
568 1475 780 1532 a'nobts
821 1488 983 1530 omne
1027 1473 1350 1528 fermentum
1380 1468 1604 1540 peccati,
1636 1476 1697 1522 ut

126 1571 222 1626 frui
265 1577 422 1625 tantae
467 1566 686 1624 Pascha
735 1563 1132 1633 sollempnitate
1179 1573 1505 1615 mereamur.
1556 1556 1692 1625 Quia

127 1675 246 1732 ergo
297 1659 586 1730 participes
635 1670 734 1712 nos
779 1656 957 1710 facere
998 1661 1156 1707 tanta:
1186 1651 1404 1707 Pasehte
1435 1647 1696 1703 Dominus

126 1754 297 1820 voluit,
324 1765 543 1809 oremus
567 1757 624 1804 ut.
650 1754 981 1804 sacramenta
1011 1745 1127 1813 ejus
1154 1743 1313 1814 digne
1330 1753 1620 1805 sumamus,
1638 1745 1698 1792 ut

1795 557 1919 597 reus
1947 552 2110 608 esset,
2140 542 2312 597 audax
2340 555 2444 597 non
2483 548 2646 596 esset.
2672 540 2729 595 Si
2779 555 2902 594 eum
2953 539 3126 610 aliqua
3175 535 3369 594 delicta

1795 635 2084 702 fuscarent,
2117 650 2384 706 nunquam
2422 634 2623 704 fulgore
2641 647 2739 688 suo
2763 640 2975 688 nostras
2997 630 3242 688 tenebras
3263 629 3373 686 dis-

1794 727 2015 796 siparet.
2038 727 2144 783 Sed
2173 728 2217 783 si
2268 728 2406 783 Deus
2458 734 2561 794 est,
2586 725 2677 796 qui
2711 725 2765 780 in
2793 723 3078 794 sepulchro
3126 721 3287 778 facit?
3314 721 3372 778 Si

1795 817 1958 876 homo
1990 827 2098 885 est,
2138 832 2300 888 quare
2325 818 2562 887 captivos
2588 815 2783 872 solvit?
2818 814 3210 885 Numquidnam
3268 813 3371 870 istc

1795 927 1920 968 cum
1951 921 2170 966 auctore
2191 919 2374 966 nostro
2394 919 2544 978 pacta
2575 908 2908 980 composuit?
2939 907 3020 962 An
3053 905 3187 961 forte
3215 913 3274 960 et
3294 905 3373 974 ipe

1797 1019 1915 1066 sum
1941 1003 2228 1073 adgressus
2258 1002 2481 1068 vicit,et
2505 1001 2584 1056 sic
2603 1001 2668 1055 ad
2706 1013 2867 1069 regna
2893 1007 3072 1053 nostra
3105 994 3374 1050 transivit?

1796 1095 1955 1154 Certe
1996 1108 2239 1154 mortuus
2287 1106 2432 1163 erat,
2464 1104 2609 1152 certe
2657 1095 2828 1149 victus
2876 1103 3012 1149 erat.
3043 1090 3237 1146 lllusus
3289 1094 3374 1144 est

1800 1189 2073 1260 praeliator
2122 1197 2304 1244 noster
2353 1189 2403 1242 in
2455 1187 2683 1252 mundo;
2717 1186 2885 1241 nescit
2938 1196 3099 1254 quam
3139 1189 3372 1251 stragem

1797 1283 2163 1351 procuraverit
2193 1281 2245 1334 in
2276 1278 2506 1335 inferno.
2533 1277 2578 1334 Ο
2628 1293 2754 1334 crux
2807 1276 2916 1342 illa,
2941 1273 3134 1330 fallens
3180 1271 3371 1344 gaudia

1798 1384 2000 1438 vestra,
2023 1381 2079 1427 et
2111 1371 2411 1442 parturiens
2453 1370 2644 1425 damna
2685 1378 2888 1426 nostra.
2913 1367 3013 1422 Per
3038 1367 3240 1434 lignum
3289 1365 3373 1420 di-

1799 1465 1894 1519 tati
1923 1478 2124 1529 sumus,
2148 1477 2245 1534 per
2270 1463 2470 1534 lignum
2498 1461 2806 1518 evertimur.
2831 1459 2973 1515 Perit
2999 1469 3236 1528 potesms
3263 1456 3372 1522 illa,

1799 1556 2006 1613 cunctis
2035 1571 2246 1627 semper
2291 1555 2498 1625 populis
2542 1554 2846 1610 formidata.
2872 1552 3058 1607 Nullus
3103 1551 3201 1606 sub
3246 1549 3378 1607 cede

1806 1658 1987 1704 nostra
2018 1649 2258 1719 captivus
2303 1664 2445 1704 nunc
2475 1649 2716 1719 palpitat.
2744 1649 2822 1703 En
2851 1646 2993 1718 quod
3053 1645 3377 1717 gemendum

1802 1751 1886 1796 est
1911 1749 1966 1796 et
1990 1741 2236 1796 insultat.
2267 1741 2535 1810 Nusquam
2566 1740 2768 1810 antiqui
2796 1740 2968 1806 ﬂetus,
3004 1737 3133 1792 nulli
3161 1736 3272 1806 jam
3295 1750 3380 1793 re-

125 1848 232 1919 iure
271 1844 703 1901 benedictionem
753 1853 1163 1911 consequamur.
1206 1836 1330 1890 Haae
1357 1843 1462 1902 est,
1491 1831 1688 1888 fratres
1716 1840 1767 1900 Β
1794 1840 1988 1887 sonant
2014 1832 2264 1901 ojulatus.
2293 1833 2586 1888 Turbidum
2615 1845 2805 1902 specus
2830 1829 3116 1886 obmutuit.
3146 1828 3380 1884 Putasne

125 1937 401 2002 karissimi,
439 1938 555 1992 dies
587 1936 875 1992 Dominicae
923 1931 1359 1991 resurrectionis,
1407 1936 1461 1983 et
1492 1935 1692 1982 nostra:

124 2031 320 2086 initium
368 2029 782 2099 redemptionis,
813 2028 919 2081 Ιιωο
957 2037 1066 2092 eat,
1116 2037 1352 2092 inquam,
1399 2020 1508 2074 dies
1538 2033 1693 2088 quam

123 2124 234 2193 fecit
279 2122 574 2184 Dominus;
622 2119 902 2176 esultemus
950 2125 997 2172 et
1042 2118 1251 2170 letemur
1294 2113 1347 2166 in
1394 2127 1472 2164 ea.
1538 2109 1690 2162 Hanc

122 2230 297 2272 omnes
344 2230 480 2271 voce
526 2227 787 2281 consona,
839 2212 948 2268 leto
997 2209 1211 2279 spiritu,
1242 2204 1406 2260 corde
1451 2201 1688 2256 contrito

122 2294 470 2374 celebremus,
504 2316 558 2362 et
585 2320 803 2376 agamus
830 2301 1122 2374 Spiritalem
1147 2302 1200 2354 in
1224 2297 1442 2368 psalmis
1466 2305 1519 2352 et
1540 2295 1692 2366 bym-

123 2401 200 2456 nis
246 2401 498 2467 letitiam,
531 2401 583 2455 in
611 2400 928 2454 memoriam
977 2394 1239 2465 passionis
1264 2401 1317 2447 et
1345 2388 1721 2445 resurrectio-‘

121 2491 198 2546 nis
232 2491 436 2547 Christi
467 2491 522 2546 in
548 2505 642 2560 spe
669 2489 862 2544 futura:
904 2487 1029 2540 vita:
1073 2485 1294 2541 letitiam
1321 2483 1355 2561 *λ
1383 2499 1396 2537 :
1429 2481 1565 2537 Ecce
1591 2479 1692 2534 ista

125 2583 207 2638 die
262 2583 480 2654 quando
508 2582 811 2638 audivimus
841 2578 1089 2644 Alleluia,
1113 2575 1341 2648 quodam
1371 2572 1531 2629 modo
1561 2572 1696 2626 leta-

121 2684 200 2728 tur
225 2673 448 2746 spiritus
476 2682 677 2734 noster,
731 2679 786 2727 et
827 2669 1163 2740 jocunditate
1226 2674 1372 2722 totus
1419 2660 1696 2736 perfundi-

122 2773 237 2831 tur;
275 2766 496 2823 alleluia
539 2779 767 2835 namque
799 2763 912 2817 laus
949 2761 1002 2815 in
1033 2761 1266 2816 excelsis
1297 2757 1522 2811 Domino
1561 2753 1694 2809 dici-

123 2865 220 2923 tur,
246 2859 387 2928 quod
419 2857 575 2914 nobis
601 2856 846 2912 convenit
875 2863 934 2908 ut
957 2853 1150 2909 devota
1181 2859 1360 2907 mente
1385 2848 1529 2904 omni
1559 2856 1694 2903 tem-

121 2965 263 3018 pore,
313 2951 402 3006 die
446 2959 620 3006 tamen
677 2950 778 3003 isto
825 2946 1080 3016 precipue
1123 2943 1331 2998 laudem
1376 2939 1430 2994 in
1460 2939 1696 2996 excelsis

123 3042 342 3098 Domino
398 3041 780 3105 decantemtts;
833 3037 886 3092 id
937 3045 1016 3090 est
1061 3049 1166 3088 non
1213 3033 1385 3087 solum
1428 3045 1556 3096 ore,
1597 3027 1694 3084 sed

119 3132 270 3188 etiam
301 3147 469 3204 opere
503 3131 743 3202 perfecto
783 3127 1066 3182 Dominum
1097 3124 1262 3180 Deum
1295 3131 1535 3179 nostrum
1562 3132 1696 3173 voce

1793 1925 1898 1981 iste
1952 1924 2068 1980 sine
2126 1935 2312 1982 nostro
2356 1926 2568 1982 excidio
2609 1924 2787 1981 redit?
2818 1922 2984 1980 Nemo
3027 1937 3264 1991 unquam
3311 1919 3382 1976 ad

1795 2032 1894 2072 nos
1951 2018 2104 2072 vivus
2135 2018 2371 2073 intravit.
2395 2019 2562 2076 Nemo
2603 2018 2684 2073 sic
2729 2017 2900 2072 audax
2927 2015 3047 2073 fuit.
3079 2015 3250 2071 Nemo
3297 2014 3378 2070 sic

1797 2112 2080 2188 carnifices
2095 2112 2303 2167 terruit.
2327 2112 2605 2181 Nunquam
2621 2113 2672 2167 in
2700 2113 2802 2168 hoc
2828 2110 2973 2166 hiatu
2989 2111 3136 2180 nigra
3155 2107 3381 2179 caligine

1797 2202 2243 2272 caecojocundum
2262 2202 2437 2259 lumen
2451 2203 2723 2273 apparuit.
2740 2203 2820 2256 An
2837 2201 2977 2258 forte
2997 2203 3074 2256 sol
3093 2201 3161 2255 de
3183 2197 3386 2254 mundo

1800 2289 2082 2364 migravit?
2109 2293 2214 2349 Sed
2243 2308 2342 2350 nec
2373 2295 2567 2351 cmlum
2595 2294 2749 2350 nobis
2774 2303 3028 2364 astraque
3083 2300 3296 2361 parent,
3327 2299 3382 2347 et

1796 2392 1976 2440 tamen
2011 2383 2248 2439 infernus
2295 2385 2454 2441 lucet.
2485 2386 2621 2453 Quid
2673 2385 2915 2456 agimus?
2938 2385 3055 2453 Quo
3085 2381 3382 2438 vertimur?

1799 2475 2096 2532 Defendere
2121 2489 2304 2533 contra
2332 2479 2490 2534 istum
2519 2491 2770 2536 cruentas
2824 2479 3019 2533 domus
3056 2487 3112 2533 et
3139 2477 3400 2533 obtinet-6'
3421 2465 3429 2474 ⁴

1805 2583 2051 2624 caverna:
2074 2580 2272 2626 nostra:
2293 2571 2564 2628 custodias
2581 2557 2688 2628 non
2713 2586 3015 2642 possumus.
3035 2570 3171 2626 Male
3197 2569 3381 2625 intrati
3460 2559 3464 2563 ’

1799 2673 1986 2716 sumus
2020 2700 2032 2713 .
2067 2660 2289 2716 Tantam
2341 2664 2516 2719 lucem
2572 2663 2818 2719 obtinere
2855 2662 3172 2732 nequimus;
3203 2661 3385 2731 oppri-

1800 2770 1950 2812 mere
1996 2765 2139 2812 tanta
2189 2756 2387 2811 virtute
2427 2754 2707 2826 praeditum
2737 2762 2739 2764 '
2766 2767 2870 2810 non
2901 2753 3162 2808 valemus.
3193 2751 3382 2807 Nostra

1801 2862 2014 2918 quoque
2039 2849 2175 2904 colla
2201 2847 2378 2919 urgeri
2401 2847 2783 2916 conspicimus,
2798 2843 2927 2900 etde
2948 2853 3135 2898 nostro
3163 2842 3384 2911 insuper

1807 2952 1950 2995 nunc
1994 2939 2212 2994 interitu
2271 2937 2644 2992 formidamus.
2697 2935 2879 2990 Noctis
2920 2943 3117 2989 nostra:
3149 2932 3384 2989 tenebris

1803 3032 2044 3085 contenti
2066 3032 2258 3086 simus.
2290 3030 2474 3084 Antris
2494 3028 2695 3086 nostris
2733 3025 3057 3083 occulimur.
3089 3027 3270 3093 Quare
3299 3038 3385 3079 ra-

1805 3119 1910 3175 diis
1941 3121 2250 3190 prodimur?
2274 3120 2449 3188 Quare
2471 3119 2725 3174 violentia
2777 3115 3180 3174 disturbamur?
3207 3116 3390 3184 Quare

119 3231 168 3278 ct
190 3224 355 3280 corde
377 3224 432 3278 in
462 3222 711 3279 laudibus
752 3220 993 3276 exaltare
1040 3215 1373 3281 Studeamus,
1414 3219 1474 3266 ut
1513 3225 1610 3266 nos
1639 3209 1699 3265 in
1726 3208 1776 3270 ϐ
1809 3213 1863 3269 in
1898 3214 2096 3269 nostris
2121 3213 2339 3268 sedibus
2365 3211 2737 3280 captivamur?

117 3316 296 3371 celesti
333 3317 439 3370 vita
484 3329 580 3384 per
625 3313 774 3369 illum
823 3311 1069 3367 exaltare
1100 3321 1418 3370 mereamur,
1449 3304 1539 3374 qui
1569 3312 1692 3358 eum

115 3409 341 3486 Domino
366 3409 524 3463 Patre
551 3418 606 3463 et
632 3405 839 3477 Spiritu
869 3414 1056 3458 sancto
1083 3400 1217 3455 vivit
1250 3409 1303 3454 et
1343 3405 1529 3467 regnat
1556 3408 1699 3451 unus

116 3505 254 3561 Deus
280 3517 379 3574 per
437 3497 738 3556 inmortalia
766 3494 944 3551 secula
971 3492 1297 3548 seculorum.
1331 3491 1520 3544 Amen.

851 3653 960 3716 ll].

183 3804 400 3868 Exulta,
429 3799 642 3868 calum,
675 3807 729 3853 et
759 3797 810 3852 in
842 3794 1026 3850 laetitia
1072 3803 1208 3858 esto,
1248 3800 1410 3846 terra.
1452 3789 1554 3846 Iste
1583 3789 1701 3846 dies

120 3885 262 3953 vobis
280 3895 513 3965 amplius
542 3908 604 3950 ex
637 3888 922 3961 sepulchro
945 3887 1346 3956 radiavitquam
1376 3884 1442 3940 de
1469 3884 1584 3939 sole
1612 3898 1701 3938 re-

120 3989 279 4044 fulsit.
314 3990 452 4044 Ovet
479 3995 533 4040 et
560 3983 824 4050 infernus,
857 3980 979 4051 quia
1008 3977 1114 4032 vita
1143 3975 1208 4031 ad
1250 3991 1308 4031 se
1337 3973 1700 4031 descendente

120 4097 143 4133 a
167 4095 260 4134 sua
293 4078 570 4148 impietate
601 4074 866 4130 resolutus
899 4078 999 4125 est.
1034 4067 1295 4132 Gaudeat,
1324 4066 1444 4136 quia
1475 4066 1526 4120 in
1553 4063 1700 4120 sedi-

120 4172 211 4228 bus
265 4172 380 4228 suis
417 4168 775 4225 desceudente
829 4163 1052 4218 Domino
1080 4161 1324 4215 visitatus
1353 4167 1453 4213 est.
1483 4157 1700 4213 Exultet

121 4265 272 4318 homo
303 4262 494 4326 Adam,
519 4260 640 4330 quia
670 4259 902 4328 ignotam
944 4255 1117 4309 lucem
1151 4260 1269 4322 post
1296 4263 1488 4305 smcuta
1537 4251 1698 4320 longa

119 4359 263 4427 vidit,
293 4368 346 4413 et
379 4355 521 4410 inter
550 4350 826 4423 profundae
849 4349 1019 4403 noctis
1039 4345 1290 4415 caligines
1311 4343 1600 4398 suffocatus
1621 4352 1701 4396 tc-

119 4449 290 4502 nebris
343 4445 651 4515 respiravit.
684 4443 728 4497 0
774 4439 995 4511 pulchra
1041 4439 1163 4492 lux!
1195 4452 1312 4505 qua:
1349 4435 1416 4490 de
1469 4433 1700 4488 candido
1752 4479 1757 4484 .

119 4540 234 4596 ειειί
259 4538 477 4609 fastigio
502 4533 830 4606 promicasti,
859 4543 914 4586 et
943 4539 1062 4600 post
1091 4529 1286 4583 fluenta
1318 4541 1584 4596 purpurea
1611 4539 1700 4580 se-

118 4616 300 4689 dentes
349 4635 403 4686 in
437 4629 673 4684 tenebris
703 4636 756 4682 et
789 4623 970 4680 umbra
1017 4619 1204 4675 mortis
1255 4617 1429 4672 subita
1457 4617 1702 4673 claritate

119 4720 650 4784 vestisti.Confestim
677 4720 833 4788 igitur
858 4724 1055 4770 :eterna
1083 4728 1187 4767 nox
1215 4709 1527 4776 inferorum,
1545 4709 1700 4764 Chri-

121 4827 201 4872 sto
230 4814 618 4877 descendente,
650 4807 1008 4880 resplenduit.
1035 4803 1194 4860 Siluit
1221 4801 1419 4858 stridor
1472 4800 1562 4854 ille
1619 4801 1700 4855 lu-

120 4911 381 4980 gentium;
415 4906 659 4962 cecidere
713 4901 920 4957 vincula
976 4899 1408 4966 dampnatorum.
1443 4891 1700 4949 Attonitas

123 5017 328 5060 mentes
351 5003 678 5068 Obstupuere
705 5004 999 5059 tortorum;
1023 4991 1195 5048 omnis
1225 4989 1382 5045 simul
1435 4988 1596 5058 impia
1616 4985 1700 5044 of-

123 5095 272 5151 ficina
319 5092 688 5155 contremuit,
730 5103 848 5144 cum
904 5083 1174 5140 Christum
1226 5091 1446 5151 repente
1487 5080 1540 5134 in
1590 5081 1704 5136 suis

123 5184 334 5240 sedibus
365 5181 524 5236 vidit.
553 5179 806 5248 Quisnam
832 5173 998 5238 enim,
1024 5172 1287 5241 inquiunt,
1320 5172 1418 5224 iste
1449 5168 1703 5225 terribilis

124 5277 357 5332 et‘niveo
387 5273 675 5346 splendore
705 5266 1008 5326 coruscus?
1034 5264 1310 5333 Nunquam
1345 5263 1501 5317 talem
1523 5271 1704 5317 noster

126 5372 338 5441 excepit
353 5369 644 5432 Tartarus;
677 5376 942 5433 nunquam
975 5361 1025 5414 in
1055 5365 1290 5414 nostram
1319 5369 1598 5411 cavernam
1625 5364 1702 5410 ta-

128 5461 227 5516 lem
246 5459 670 5516 vomitmundus.
687 5455 924 5511 Judiecm
949 5450 1213 5514 videmus,
1241 5463 1346 5502 non
1371 5446 1699 5516 supplicem;
1763 5503 1771 5511 ,

128 5565 359 5621 pugnare
415 5550 584 5612 venit,
609 5562 715 5601 non
764 5541 1132 5606 succumbere,
1157 5537 1386 5606 eripere,
1422 5552 1525 5592 non
1583 5552 1702 5591 ma-

131 5636 1075 5709 nere.Ubinam,putatis,janitores
1132 5633 1298 5688 nostri
1350 5631 1695 5688 dormierant.

246 5817 562 5875 Reduudare
600 5817 806 5874 videtur
837 5830 937 5871 vox
969 5815 1200 5870 letitiam.
1234 5812 1385 5868 Ebl'l'.

1879 3314 1998 3368 Mox
2047 3313 2204 3384 igitur
2245 3311 2490 3366 Christus
2541 3310 2593 3366 in
2624 3310 2768 3379 ipsos
2813 3308 3058 3365 crudeles
3107 3321 3382 3378 poenarum

1805 3403 2082 3459 ministros
2128 3403 2293 3458 aciem
2344 3401 2548 3472 dirigit,
2575 3408 2736 3470 atque
2789 3395 3149 3468 implacabiles
3180 3406 3384 3453 turmas

1805 3493 2010 3550 framea
2048 3493 2224 3550 divina
2275 3493 2528 3549 concidit.
2564 3491 2886 3546 Premuntur
2915 3489 3016 3545 diri
3045 3491 3146 3544 sub
3174 3498 3379 3546 tortore

1807 3585 2114 3650 carnifices,
2140 3593 2194 3640 et
2220 3583 2518 3640 rabidiores
2541 3582 2744 3639 adactis
2773 3581 3090 3638 stridoribus
3107 3581 3386 3638 contabes-

1808 3686 1953 3732 cunt.
1988 3675 2107 3746 Ipsa
2133 3689 2344 3748 quoque
2393 3686 2546 3732 antra
2587 3673 2746 3732 ferrei
2797 3675 2990 3732 cubilis
3021 3675 3307 3742 intrantur,
3330 3682 3386 3731 et

1809 3770 1976 3825 fortes
2001 3786 2031 3824 a
2060 3769 2283 3825 fortiore
2313 3770 2528 3825 mternis
2565 3766 2793 3823 vinculis
2823 3767 3157 3838 colligantur.
3186 3767 3298 3823 Hoc
3327 3776 3384 3824 et

1811 3861 2063 3916 Dominus
2091 3862 2202 3930 ipse
2227 3862 2556 3930 promiserat,
2589 3859 2772 3914 dicens
2805 3878 2820 3913 :
2853 3857 3017 3913 Nemo
3034 3859 3191 3913 intrat
3215 3859 3269 3912 in
3290 3863 3384 3913 do-

1810 3967 1950 4004 mum
1977 3952 2123 4021 [ortt's
2153 3961 2200 4006 et
2229 3967 2348 4006 vasa
2369 3954 2477 4022 ejus
2517 3950 2745 4020 diripiet,
2775 3951 2873 4004 nisi
2915 3950 3059 4018 prius
3105 3950 3389 4020 alligaverit

1811 4049 2012 4115 fortem,
2041 4056 2087 4099 et
2110 4056 2228 4100 tunc
2249 4061 2368 4100 vasa
2399 4045 2508 4114 ejus
2533 4043 2760 4112 diripiet.
2793 4042 2996 4099 Tristes
3044 4043 3207 4114 igitur
3257 4057 3386 4098 mox

1815 4141 2161 4211 Ingentesque
2183 4141 2379 4196 diurno
2408 4139 2660 4211 squalore
2686 4139 2856 4194 turbae
2893 4139 3181 4208 populique
3208 4138 3388 4194 vexati

1811 4244 2158 4299 concurrunt,
2182 4243 2236 4288 et
2293 4231 2648 4302 redemptoris
2693 4233 2860 4287 nostri
2903 4230 3137 4301 vestigiis
3178 4229 3388 4300 provol-

1811 4340 2027 4386 vuntur.
2063 4329 2204 4386 Ecce
2234 4329 2522 4400 apostolica
2556 4329 2695 4383 dicta
2724 4328 3052 4398 probantur:
3081 4324 3148 4382 Ut
3197 4326 3252 4380 in
3300 4341 3390 4380 no-

1812 4425 1947 4477 mine
1971 4421 2183 4477 Domini
2216 4439 2362 4476 omne
2382 4439 2515 4494 genu
2539 4423 2774 4492 ﬂectatur
2800 4420 3075 4476 mlestium
3111 4430 3158 4474 et
3206 4427 3390 4473 terres-

1815 4517 1967 4570 trium
2013 4526 2060 4570 et
2104 4516 2443 4588 infernarum.
2478 4514 2599 4570 Mox
2647 4528 2777 4585 ergo
2821 4512 3044 4583 captivas
3073 4512 3293 4575 animm,
3325 4511 3393 4566 de

1731 4593 1794 4656 1)
1816 4608 2072 4663 custodiis
2106 4609 2360 4663 relaxatae
2407 4607 2672 4672 tartareis,
2707 4613 2983 4674 proruunt,
3019 4603 3128 4672 regi
3169 4603 3393 4658 sacculo-

1817 4715 1938 4754 rum
1971 4708 2159 4754 mmsta
2187 4698 2569 4768 supplicatione
2597 4696 2914 4765 deplorant:
2951 4712 2972 4747 ι
3024 4693 3222 4747 Venisti
3280 4703 3394 4746 Ian-

1817 4791 1961 4856 dem,
1993 4807 2026 4846 o
2069 4788 2485 4844 clementissime
2513 4785 2679 4841 .lhesu
2703 4801 2718 4851 ;
2745 4797 3000 4840 succurre
3018 4782 3129 4852 jam
3153 4793 3206 4836 et
3234 4795 3392 4850 parce

1816 4880 2063 4936 defessis.
2095 4879 2266 4946 Nunc,
2297 4878 2538 4945 Christe,
2571 4889 2740 4932 saevas
2766 4873 3020 4941 extingue
3065 4871 3257 4934 minas,
3279 4870 3391 4940 jam

1815 4971 2147 5028 miserandos
2192 4970 2401 5027 resolve
2431 4969 2681 5041 gemitus.
2713 4966 3004 5023 Redemisti
3032 4967 3179 5019 vivos
3231 4978 3394 5020 cruce

1819 5075 1940 5132 tua;
1970 5063 2118 5134 eripe
2147 5075 2202 5120 et
2227 5074 2467 5120 inermos
2490 5071 2662 5118 morte
2687 5071 2794 5118 tua.
2823 5059 2944 5116 Pari
2970 5057 3244 5114 nobiscum
3275 5056 3395 5112 labe

1816 5157 2047 5212 mundus
2078 5159 2373 5213 interierat.
2407 5157 2483 5212 Ad
2508 5155 2794 5210 adventum
2827 5159 2976 5208 tuum
3023 5151 3198 5208 omnis
3244 5163 3395 5206 crea-

1816 5259 1933 5306 tura
1957 5249 2276 5321 suspirabat.
2299 5247 2416 5304 Tibi
2441 5258 2622 5306 nostra
2645 5257 2911 5304 tormenta
2939 5244 3294 5317 suspirabant.
3314 5244 3393 5299 Te

1817 5360 2030 5414 semper
2060 5344 2298 5400 infernus
2326 5344 2426 5398 iste
2468 5342 2718 5412 pallebat.
2763 5340 2896 5396 Dum
2949 5339 3034 5393 hic
3073 5351 3151 5404 es,
3177 5337 3394 5391 absolve

1817 5452 1977 5504 reos;
2009 5438 2132 5492 dum
2162 5436 2490 5504 ascenderis,
2521 5435 2749 5491 defende
2772 5443 2913 5489 tuos.
2942 5431 3022 5486 Tu
3049 5429 3193 5485 solus
3234 5436 3394 5496 caput

1819 5528 2068 5584 draconis
2130 5529 2496 5585 comminuere
2541 5525 2882 5597 potuisti.'fu
2929 5530 3122 5593 portas
3151 5533 3320 5576 aereas
3337 5528 3394 5576 et

1820 5628 1998 5678 vectes
2021 5618 2225 5677 ferreos
2249 5619 2463 5677 voluisti
2487 5627 2790 5677 conterere.
2818 5615 3022 5682 Pateat,
3040 5625 3243 5682 quasso,
3278 5624 3395 5680 pre-
