4018 6492
595 341 725 406 1155

1429 345 1985 423 SUPPLEMBNTU‘M
2023 342 2118 412 AD,
2153 344 2384 414 θυεμ
2422 344 2482 418 S,
2520 344 2918 419 AUGUSTINI,

3716 351 3840 409 ΗΞΞό

587 469 830 525 cantibus
879 466 1074 536 ianua:
1133 464 1220 523 lus
1253 477 1359 519 non
1409 463 1548 520 desit
1595 463 1699 530 pia.
1730 460 1796 516 Et
1823 460 1869 526 si
1924 460 2066 522 redis
2090 459 2156 522 ad
2181 462 2239 534 Α,
2260 460 2400 520 leum
2432 460 2623 524 mortis
2652 461 2920 528 obtundit,
2935 469 2990 532 et
3016 469 3297 532 peccatum
3319 460 3470 534 quod
3496 461 3657 536 arm
3682 458 3837 534 gene-

587 574 802 630 corpus,
835 556 1112 630 majestate
1140 565 1225 612 tua
1249 569 1354 614 non
1388 557 1625 623 privetur
1647 553 1906 616 infernus.
1950 573 1966 606 ι

657 651 781 710 Post
811 649 1017 712 auditas
1040 639 1220 716 itaque
1238 661 1443 716 preces,
1473 656 1595 716 post
1619 645 1946 711 compositas
1989 644 2156 714 leges,

589 754 708 812 post
733 744 1008 799 deinersos
1037 740 1141 802 alta
1189 738 1436 807 voragine
1467 737 1616 810 (Leg,
1649 736 1966 805 voraginis?)
2017 735 2159 800 fossa

589 848 818 894 tortores
841 835 1004 905 iudex
1029 844 1210 892 noster
1239 830 1400 888 hodie
1431 829 1496 886 de
1520 829 1704 888 inferis
1751 829 2020 901 laureatos
2047 827 2161 888 exi:

589 929 682 984 vit.
709 927 817 982 Nec
835 925 1158 982 canditatunt
1207 923 1440 992 officium
1470 919 1666 986 defuit;
1724 921 1816 980 sed
1863 920 1982 974 laeta
2039 934 2161 986 cum

589 1021 825 1091 principe
854 1034 953 1074 suo
997 1018 1170 1074 omnis
1199 1005 1480 1075 beatorum
1527 1024 1647 1082 toga
1678 1013 1961 1084 processit.
1992 1011 2182 1090 Repeg

587 1113 679 1167 dat
708 1113 864 1183 igitur
888 1110 954 1166 ad
1003 1109 1240 1167 stadium
1278 1108 1633 1176 triumphator
1683 1107 1874 1170 iterum
1901 1106 2072 1170 vivus,
2105 1115 2163 1171 ut

587 1205 795 1260 noverit
819 1203 994 1262 omnis
1015 1202 1242 1264 mundus
1271 1201 1412 1271 quod
1443 1200 1601 1255 rediit
1642 1199 1710 1254 ab
1741 1199 1928 1256 inferis
1979 1198 2162 1264 Chris-

561 1289 695 1351 tus.
750 1295 1057 1352 Glorientur
1125 1308 1254 1364 ergo
1309 1293 1622 1359 credentes;
1684 1291 1934 1360 plaudent
1987 1292 2157 1346 mani-

587 1387 687 1443 bus
716 1389 892 1443 omnis
917 1402 1068 1457 gens,
1091 1386 1214 1457 quia
1261 1401 1356 1444 rex
1401 1394 1585 1446 noster
1630 1385 1683 1450 in
1725 1384 1925 1440 saeculo
1967 1384 2160 1448 trium-

587 1478 790 1548 phavit,
820 1478 908 1548 qui
938 1494 1056 1534 cum
1085 1478 1242 1538 Patre
1262 1485 1318 1533 et
1341 1476 1544 1545 Spiritu
1587 1486 1773 1536 sancto
1819 1476 1948 1532 vivit
1974 1484 2030 1539 et
2068 1490 2159 1540 re-

588 1579 715 1640 gnat
744 1569 899 1635 Deus,
930 1585 1024 1639 pro
1073 1569 1228 1630 nobis
1263 1567 1545 1630 cruciﬁxus
1589 1575 1644 1624 et
1685 1567 2060 1635 resuscitatus,
2092 1567 2145 1631 in

584 1666 778 1722 sarcula
799 1664 1134 1724 saeculorum.
1161 1665 1348 1720 Amen.

1316 1814 1424 1888 ιν.

582 1980 765 2037 Sermo
807 1976 1156 2033 inlustrissimi
1205 1975 1428 2030 doctoris
1465 1975 1627 2028 sancti
1653 1971 1954 2043 Augustini,
1988 1971 2050 2026 de
2075 1987 2156 2026 re-

652 2072 960 2127 surrectione
982 2067 1194 2123 Domini
1222 2067 1384 2121 nostri
1407 2065 1570 2120 Jhesu
1595 2063 1782 2118 Christi
1803 2062 2082 2117 dedicatus.

649 2209 835 2278 Salve,
865 2209 981 2266 dies
1005 2207 1221 2272 mternis
1250 2205 1636 2277 frequentande
1671 2204 2043 2268 conventibus.
2078 2204 2153 2272 Te

581 2301 812 2368 oriente,
836 2301 946 2364 vita
1013 2302 1281 2370 resurgit;
1315 2308 1367 2364 te
1417 2297 1678 2368 radiante,
1713 2297 1888 2364 lumen
1921 2295 2076 2361 redit,
2100 2305 2152 2350 et

582 2392 635 2447 in
665 2392 866 2450 natales
890 2401 1031 2460 tuos,
1065 2389 1260 2460 inferni
1284 2389 1498 2444 exclusa
1525 2386 1773 2457 caligine,
1805 2385 1887 2444 sol
1932 2385 2153 2456 iustitiae

555 2485 874 2554 ‘reviviseit.
901 2467 1282 2554 Nonequidem
1313 2482 1535 2554 moritur
1566 2481 1726 2546 Deus,
1759 2493 1856 2548 pec
1884 2481 2153 2552 aeternitas

582 2580 686 2636 fine
714 2586 951 2646 taxatur,
993 2587 1084 2644 aut
1110 2575 1287 2633 lumen
1320 2574 1629 2646 ‘majestatis
1656 2573 2012 2644 extinguitur;
2057 2573 2153 2642 sed

579 2685 697 2739 curn
725 2685 756 2734 a
784 2669 894 2726 Deo
921 2683 1066 2738 mors
1084 2669 1367 2736 appetitur,
1384 2681 1477 2736 per
1505 2665 1773 2734 hominem
1797 2663 1998 2728 homini
2026 2663 2151 2735 sub:

579 2760 805 2826 venitur.
833 2759 960 2818 Post
1006 2758 1304 2832 triumphos
1357 2758 1514 2832 igitur
1569 2756 1759 2830 crucis,
1799 2764 1916 2830 post
1961 2757 2152 2829 vexilla

587 2853 820 2914 victricia
851 2853 1094 2921 Christus
1121 2867 1289 2920 ovans
1314 2853 1514 2912 inferos
1547 2855 1675 2923 petit
1704 2853 2071 2917 debellaturus
2097 2866 2152 2918 et

583 2957 831 3014 mortem,
851 2948 939 3018 qui
961 2948 1149 3004 mortis
1161 2948 1518 3018 captivaverat
1533 2948 1870 3010 auctorem.0
1885 2947 2149 3011 mirabile.

581 3040 794 3110 fratres,
838 3043 1102 3112 praelium,
1149 3049 1203 3098 et
1236 3040 1398 3100 facies
1447 3055 1582 3104 nova
1619 3048 1941 3111 recuperatae
1985 3040 2150 3102 victo-

581 3135 692 3192 riae!
712 3137 785 3194 De
807 3135 950 3206 ligno
973 3133 1216 3192 Christus
1245 3136 1390 3202 vicit,
1415 3134 1554 3194 unde
1581 3133 1826 3206 diabolus
1853 3144 1979 3194 ante
2006 3134 2150 3190 vice-

2263 551 2415 614 rabat
2460 551 2674 621 occidit.
2724 551 2951 622 Sanguis
3000 565 3124 620 mox
3173 551 3336 620 fusus
3389 567 3421 607 a
3475 553 3647 622 latere
3681 553 3835 612 dizuit.

2261 646 2507 716 quicquid
2537 656 2662 712 ante
2681 647 2881 716 crimen
2908 642 3113 711 infecit,
3135 653 3190 700 et
3211 660 3280 712 ex
3333 645 3555 718 [inituris
3584 660 3836 702 ramuscu-

2263 737 2327 794 lis
2353 751 2485 804 erus
2541 737 2766 794 candida
2799 736 3048 794 radiavit.
3093 736 3347 802 i’lucurrit
3391 752 3560 806 cruor
3595 738 3838 804 innocuus

2264 842 2360 897 per
2381 828 2622 896 poenales
2644 827 2768 898 ligni
2798 827 2986 886 noxias
3010 826 3193 894 ﬁbras,
3217 837 3272 882 et
3303 826 3618 894 medicante
3648 827 3838 898 pariant

2263 921 2516 989 deinceps
2545 930 2880 988 sacramenta
2908 921 3123 982 salutis,
3153 937 3271 991 qua:
3325 921 3675 992 Pfﬁhtterant
3710 936 3836 976 or-

2265 1011 2331 1070 tis
2357 1012 2604 1078 alimenta
2628 1012 2864 1078 victuris.
2899 1012 3090 1080 Adhuc
3113 1021 3290 1078 tamen
3320 1010 3577 1074 diabolus
3636 1011 3834 1068 nescius

2263 1104 2451 1174 vicisse
2477 1104 2756 1174 gloriatur,
2789 1111 2845 1158 et
2892 1103 3089 1170 victum
3119 1103 3264 1174 videi
3315 1103 3648 1176 crucilixum
3670 1144 3686 1172 ,
3709 1104 3842 1162 videt

2264 1207 2552 1265 mortuum,
2581 1199 2799 1269 insuper
2822 1197 2878 1256 et
2931 1213 3240 1271 percussum
3259 1238 3274 1269 ,
3306 1207 3361 1269 et
3389 1199 3548 1273 quasi
3580 1198 3653 1268 de
3678 1199 3843 1270 opim

2269 1289 2402 1357 cede
2445 1291 2606 1356 letus,
2631 1289 2761 1357 nihil
2801 1297 2885 1348 est
2910 1289 3044 1357 ultra
3075 1288 3356 1360 sqliicitus.
3391 1288 3499 1361 Ep,
3540 1289 3740 1363 inquii,
3766 1290 3842 1346 ille

2264 1381 2353 1451 qui
2379 1395 2437 1436 se
2467 1380 2562 1440 Dei
2593 1379 2832 1438 sobolem
2857 1378 3109 1452 preferre
3134 1380 3375 1456 soiehai,
3403 1380 3499 1454 qui
3555 1379 3668 1452 sibi
3700 1380 3838 1452 ﬁdem

2267 1472 2543 1545 miraculis
2561 1472 2958 1542 conciliaverat.
2979 1473 3064 1540 qui
3090 1472 3264 1544 socios
3285 1481 3340 1540 et
3370 1472 3679 1546 participes
3707 1486 3836 1528 meos

2261 1566 2329 1620 de
2348 1566 2661 1636 corporibus
2680 1566 2983 1635 animisque
3037 1566 3279 1637 humanis
3305 1565 3622 1639 deiecerat,
3656 1566 3744 1640 qui
3766 1582 3838 1622 ne

2261 1656 2480 1725 insuper
2527 1657 2714 1727 pra-lio
2741 1664 3005 1726 temptare
3027 1667 3110 1714 est
3151 1671 3340 1730 ausus.
3369 1655 3672 1728 Mundurn,
3701 1672 3837 1726 quem

2260 1748 2328 1803 ab
2353 1749 2563 1817 origine
2613 1756 2770 1819 teneu
2825 1746 3134 1816 certaminis
3184 1748 3300 1822 lege
3357 1756 3418 1820 et
3456 1748 3719 1816 victoria
3739 1747 3836 1818 iure

2184 1842 2237 1918 Β
2261 1840 2551 1908 captivum,
2578 1837 2715 1892 meis
2743 1837 2992 1892 manibus
3045 1836 3290 1908 eximere
3341 1838 3647 1910 gestiebat.
3680 1839 3834 1906 Modo,

2261 1928 2306 1982 si
2332 1927 2485 1994 fortis
2515 1928 2804 1998 est,vincat
2827 1942 2840 1992 ;
2867 1927 3052 2006 modo,
3075 1928 3120 1993 si
3153 1927 3432 2000 przevalet,
3469 1938 3707 2000 surgat;
3739 1944 3834 1984 mo-

2255 2018 2347 2084 do,
2375 2018 2575 2088 siDeus
2605 2026 2710 2083 est,
2733 2016 3032 2082 reviviscat.
3067 2015 3112 2088 ς)
3140 2007 3390 2072 diabole!
3422 2018 3627 2087 ignare
3679 2018 3834 2074 exitus

2254 2109 2355 2178 tni,
2384 2109 2519 2162 fallit
2569 2118 2619 2176 te
2667 2107 2768 2170 ista
2797 2109 3048 2176 victoria;
3080 2107 3269 2186 gaudia
3298 2119 3392 2170 tua
3415 2123 3533 2163 non
3561 2121 3728 2170 erunt
3752 2110 3834 2165 leta

2255 2200 2347 2270 sed
2381 2200 2572 2256 tristia.
2603 2199 2658 2272 In
2692 2199 2979 2273 perniciem
3012 2209 3154 2273 tuam
3176 2199 3483 2274 Judeorum
3524 2201 3744 2270 linguas
3770 2218 3834 2256 ar-

2255 2292 2514 2362 masti;te
2542 2291 2646 2357 illis
2685 2291 2878 2364 iaculis
2909 2291 3207 2362 peremisti.
3253 2291 3393 2362 Illud
3436 2292 3670 2365 quidem
3719 2297 3832 2368 quod

2256 2397 2439 2453 passus
2468 2390 2549 2444 est
2577 2380 2765 2454 voluit,
2799 2382 3057 2454 nobisque
3085 2382 3379 2454 consuluit.
3415 2380 3560 2438 Nam
3590 2394 3706 2439 tum
3733 2399 3829 2440 eam

2250 2475 2454 2544 justum
2510 2473 2773 2538 occidisti,
2798 2488 2918 2542 reos
2962 2489 3096 2546 quos
3141 2483 3404 2545 tenueras
3459 2476 3719 2548 amisisti.
3746 2477 3830 2532 Sed

2254 2569 2522 2642 paululum
2549 2573 2768 2642 patere;
2799 2567 2906 2638 noli
2947 2547 3267 2640 insolentius,
3291 2582 3401 2624 nec
3452 2569 3829 2643 imprudentius

2253 2658 2526 2732 exultare,
2562 2658 2698 2730 Ecce
2746 2658 2888 2724 enim
2943 2657 3100 2729 inferi
3146 2660 3600 2732 cnntremiscuni
3650 2662 3826 2730 virum,

2253 2775 2409 2831 quem
2445 2764 2500 2814 ιιι
2527 2750 2796 2831 gaudebas
2821 2752 3075 2822 occisum.
3111 2751 3224 2814 iam
3257 2752 3356 2808 ille
3385 2753 3653 2838 antiqqu
3678 2770 3828 2812 arce-

2253 2865 2342 2910 res
2399 2851 2730 2922 frrgit,jam
2778 2852 2986 2926 praedas
3041 2862 3160 2916 tuas
3213 2853 3476 2926 diripuit,
3522 2867 3582 2924 et
3610 2859 3830 2916 cruentas

2253 2945 2526 3008 ministros
2554 2955 2659 3000 tua:
2681 2944 2976 3008 ferocitatis
3001 2946 3207 3016 afliixit.
3241 2949 3500 3025 ﬂoccine
3538 2963 3627 3008 est
3645 2952 3824 3022 vicisse,

2251 3052 2319 3100 an
2349 3036 2508 3092 vitam
2539 3036 2607 3094 ad
2629 3046 2867 3098 mortuos
2898 3038 3302 3108 transmisisse?
3335 3041 3500 3114 Pone
3528 3043 3623 3112 hic
3642 3087 3656 3109 ,
3685 3045 3828 3102 scele-

2250 3128 2552 3196 ratissime,
2577 3130 2884 3202 rationem;
2935 3140 3120 3200 penset
3165 3131 3393 3202 iusticie
3427 3135 3690 3205 magistra
3711 3135 3826 3206 judi-

580 3233 760 3288 rat;et
776 3226 884 3280 suis
898 3225 1060 3280 armis
1077 3234 1370 3294 prostratus
1387 3225 1576 3294 estqui
1607 3234 1986 3294 prostraverat;
2007 3225 2150 3294 ipsa:
2178 3221 2226 3288 α
2254 3220 2413 3286 cium.
2441 3221 2771 3285 Mortificasti
2799 3239 2829 3278 a
2862 3224 3122 3295 principio
3145 3227 3422 3299 mundum
3452 3241 3629 3298 gnem
3658 3229 3757 3296 ipse
3776 3227 3828 3282 fe

579 3331 683 3387 que
694 3316 770 3374 illi
785 3316 918 3382 facta
933 3327 1014 3375 est
1027 3331 1179 3386 pinna
1195 3332 1311 3385 qua:
1324 3315 1496 3370 fuerat
1509 3325 1630 3382 ante
1643 3315 2150 3388 victoria.Pugnavit

579 3408 740 3479 igitur
769 3424 864 3478 pro
885 3408 1084 3468 mundo
1107 3407 1269 3474 Deus,
1287 3415 1344 3466 et
1359 3407 1526 3476 celata
1547 3407 1812 3476 paululum
1848 3411 2147 3478 majestate,

583 3511 638 3555 ut
664 3500 814 3559 daret
842 3499 982 3568 hosti
1009 3499 1542 3567 fiduciam,virtptem
1567 3498 1831 3554 simulavit
1860 3496 2144 3564 infirmam.

582 3591 852 3660 Agebatur
874 3591 1015 3660 enim
1044 3591 1204 3661 causa
1252 3588 1434 3654 saeculi
1459 3602 1551 3658 per
1578 3587 1892 3661 sapientiam
1925 3587 2150 3654 Dei.Te-

579 3685 806 3752 uehatur
826 3692 884 3752 ut
922 3683 1153 3755 vinctus,
1181 3681 1496 3752 audiebatur
1524 3687 1583 3736 ut
1601 3695 1748 3747 reus,
1771 3681 2149 3752 verberabatur

579 3781 634 3830 et
685 3771 1078 3844 conspuebatur
1107 3781 1160 3832 ut
1191 3771 1440 3841 ignobilis
1498 3779 1552 3824 et
1597 3771 1858 3839 captivus.
1889 3770 1982 3824 Ille
2021 3785 2150 3836 vero

579 3878 703 3932 suas
734 3863 874 3919 vires
893 3862 960 3934 ad
991 3862 1092 3932 hoc
1116 3861 1431 3928 occultando
1463 3861 1758 3930 premebat,
1789 3861 1960 3916 donec
2007 3876 2151 3917 mor-

580 3962 698 4024 tuus
720 3951 958 4026 vinceret
986 3967 1146 4022 quem
1184 3951 1431 4023 parabat.
1464 3949 1792 4006 Refrenabat
1837 3951 2148 4024 potentiam,

580 4051 637 4098 ut
669 4051 832 4108 totam
865 4043 1110 4111 impleret
1137 4043 1192 4114 in
1234 4041 1483 4114 conflictu
1525 4041 1811 4111 justitiam,
1835 4050 1890 4098 et
1938 4041 2148 4115 plenam

576 4131 628 4188 in
647 4133 976 4203 resurgendo
993 4132 1288 4187 victoriam.
1312 4130 1449 4198 Hinc
1476 4131 1542 4185 ad
1567 4131 1812 4188 arborem
1835 4132 2149 4202 venit,unde

571 4223 688 4296 jura
719 4225 904 4294 mortis
929 4225 1190 4284 exierant.
1224 4223 1321 4279 Ubi
1354 4238 1481 4278 vero
1509 4225 1748 4279 ascendit
1772 4238 1951 4279 arcem
1973 4224 2148 4294 scele~

575 4319 670 4384 ris,
704 4317 776 4372 ibi
813 4318 1042 4386 subjecit
1091 4316 1356 4390 fastigium
1380 4316 1578 4371 inimici
1608 4316 1838 4372 virtutis.
1864 4316 1952 4371 llla
1975 4333 2146 4388 quon-

575 4406 696 4461 dam
717 4414 892 4460 mater
913 4414 967 4459 et
993 4404 1143 4476 origo
1169 4393 1443 4482 poenarum
1469 4405 1644 4460 nescia
1663 4407 1898 4476 suscepit
1918 4406 2145 4480 justum,

2252 3327 2407 3370 ceras
2425 3328 2606 3384 reum;
2634 3314 2973 3378 commissam
3005 3330 3200 3382 noxam
3238 3318 3393 3391 iusta
3425 3319 3576 3391 uitio
3607 3321 3829 3390 sequeba-

2253 3416 2358 3474 tur.
2385 3409 2538 3470 Hunc
2557 3417 2735 3476 autem
2763 3423 2864 3466 nec
2883 3425 2979 3468 sua
3010 3426 3109 3476 nec
3128 3413 3308 3485 aliena
3326 3413 3498 3484 culpa
3520 3415 3829 3484 devinxerat.

2252 3499 2359 3554 Cur
2388 3499 2656 3570 ingessisti
2687 3510 2938 3568 mortem,
2968 3502 3059 3560 ubi
3107 3518 3215 3572 non
3263 3505 3573 3576 inﬁtier-as
3625 3505 3827 3562 crimen!

2251 3590 2360 3645 Cur
2402 3590 2720 3660 supplicium
2751 3592 3000 3663 intulisti,
3029 3594 3120 3649 ubi
3150 3595 3420 3651 delictum
3457 3598 3707 3654 invenire
3740 3613 3826 3651 non

2253 3685 2504 3754 potuisti?
2547 3687 2748 3758 lnjuste
2801 3704 2928 3759 ergo
2978 3687 3184 3762 justum
3236 3705 3338 3758 pro
3373 3690 3594 3760 iniusto
3626 3691 3826 3762 manu;

2247 3778 2394 3846 juSte
2445 3782 2694 3853 injustutu
2727 3799 2822 3852 pro
2865 3798 2972 3854 quo
3022 3783 3223 3851 justum
3259 3799 3578 3857 necaveras
3607 3785 3826 3840 amisisti.

2253 3867 2419 3924 Mutet
2439 3869 2548 3940 jam
2582 3888 2702 3928 reus
2725 3873 3124 3945 condicionem,
3154 3875 3278 3946 quia
3308 3889 3482 3930 causa
3520 3887 3702 3946 nmtra
3729 3892 3828 3947 pan

2253 3966 2356 4013 tem
2393 3963 2560 4024 tenuit
2590 3963 2890 4030 meliorem.
2923 3962 3050 4031 Orta
3079 3974 3162 4036 est
3210 3967 3264 4020 in
3293 3969 3573 4024 servitute
3606 3970 3830 4034 libertas,

2251 4049 2386 4123 facta
2413 4063 2496 4107 est
2524 4055 2576 4108 in
2602 4054 2963 4118 dominatione
2999 4058 3302 4127 captivitas.
3329 4059 3626 4115 Sublatum
3660 4069 3742 4116 est
3765 4061 3830 4128 i-

2249 4145 2717 4212 gumcondicionis
2743 4148 3009 4218 antiqua;
3061 4164 3201 4204 nunc
3256 4148 3608 4221 indulgentia
3662 4159 3828 4223 regnat

2249 4231 2462 4302 pietatis
2491 4243 2546 4288 et
2573 4238 2778 4306 gratiae.
2808 4236 3054 4294 Christus
3093 4240 3236 4295 enim
3285 4255 3525 4312 surgens
3556 4257 3588 4295 a
3617 4242 3828 4297 mortuis

2250 4320 2319 4376 de
2363 4324 2848 4394 sepulchro,nohis
2899 4329 3059 4404 hodie
3090 4330 3346 4398 radiavit;
3373 4348 3480 4387 nec
3518 4335 3702 4388 anima
3733 4345 3827 4387 tar-

2249 4412 2395 4486 davit
2442 4419 2493 4470 in
2559 4417 2801 4488 inferno,
2851 4435 2949 4490 nec
3001 4437 3129 4478 caro
3167 4426 3435 4478 remansit
3488 4426 3544 4480 iu
3602 4426 3824 4491 tumulo,

573 4493 706 4565 figit,
736 4493 949 4578 afﬂigit;
980 4508 1082 4566 non
1137 4485 1218 4546 est
1243 4493 1421 4566 culpa,
1455 4504 1511 4549 et
1557 4496 1708 4547 saevit
1742 4510 1916 4565 ρφηρ,
1949 4496 1993 4549 0
2021 4511 2144 4551 cru.

2254 4485 2393 4559 sicut
2447 4509 2700 4578 scriptum
2770 4485 2922 4566 est:
2976 4511 3111 4580 Quia
3187 4529 3290 4568 non
3337 4515 3679 4585 derelinquas

572 4583 844 4639 delissime
864 4581 1131 4657 iusticidal
1165 4583 1389 4675 amisisti
1422 4597 1598 4638 causa:
1629 4593 1730 4639 tuae
1757 4585 2013 4642 subsidia.
2041 4590 2143 4644 lte-
2171 4605 2226 4668 ι)
2249 4609 2384 4648 mam
2439 4613 2604 4652 meam
2651 4599 2707 4652 in
2759 4601 2961 4672 inferno
2987 4643 3003 4669 ,
3032 4619 3189 4675 neque
3245 4606 3396 4659 dabis
3422 4581 3673 4660 sanciam
3703 4617 3826 4660 tum

570 4676 766 4731 clamat
784 4683 969 4738 contra
993 4683 1042 4729 te
1062 4689 1190 4730 crux
1221 4673 1356 4758 ipsa,
1385 4677 1572 4731 mortis
1597 4686 1652 4732 et
1674 4678 1907 4733 vulneris
1928 4679 2138 4736 officina
2245 4688 2414 4744 ridere
2434 4694 2827 4761 corruptionem.
2865 4696 3000 4750 Ecce
3029 4673 3169 4751 nunc
3207 4697 3467 4754 Christus
3502 4717 3638 4756 mox
3667 4711 3720 4755 ut
3750 4714 3825 4753 ro-

569 4767 825 4865 l‘fipulsat-
856 4764 971 4820 Νοη
992 4781 1244 4865 ξεηοεείξν
1277 4768 1464 4865 inquit.
1497 4784 1644 4823 reum
1699 4783 1820 4865 esse
1849 4786 2007 4854 quem
2037 4786 2138 4842 pu-
2248 4776 2348 4832 luit
2375 4783 2809 4840 resurrexit.Ubi
2831 4796 2910 4857 est
2935 4802 3080 4843 mors
3103 4805 3264 4860 quain
3295 4790 3561 4848 inimicus
3584 4793 3825 4865 ingessit!

568 4861 687 4929 nio;
718 4876 822 4916 non
851 4873 976 4916 sunt
997 4861 1096 4930 ista
1127 4862 1229 4915 mei
1251 4862 1506 4940 germinis
1529 4878 1706 4952 poma,
1732 4864 1892 4920 nichil
1925 4866 2012 4922 hic
2053 4882 2142 4921 ca-
2246 4868 2488 4942 Magnum
2523 4885 2628 4952 eSt,
2661 4873 2877 4944 fratres,
2902 4879 3117 4948 pietatis
3142 4881 3422 4958 indicium,
3446 4886 3603 4956 quod
3635 4861 3712 4942 sic
3728 4900 3824 4939 mo-

567 4956 1080 5046 putmeam;falleris
1094 4956 1215 5026 quia
1229 4953 2141 5030 fetummihicottser-isalienum.Nil
2245 4966 2434 5022 riendo
2457 4969 2704 5026 Christus
2735 4973 3023 5029 viviﬁcavit
3049 4953 3334 5046 saeculum,
3367 4986 3430 5033 ut
3457 4953 3592 5036 eum
3625 4997 3727 5036 non
3755 4990 3822 5034 te-

570 5046 671 5102 iste
692 5045 944 5141 habete:
973 5061 1123 5114 meo;
1153 5063 1318 5141 quare
1355 5048 1536 5141 pendit
1565 5049 1685 5104 me?
1728 5050 2138 5130 Similitudinem
2244 5067 2395 5114 neret
2417 5065 2699 5130 morsipsa
2724 5067 3014 5137 captivum.
3049 5067 3194 5141 Ergo
3220 5079 3275 5126 et
3318 5045 3549 5128 causam
3597 5084 3821 5131 nostram

566 5138 768 5207 Speciei
812 5139 1164 5234 video,_nam
1212 5140 1355 5234 virus
1383 5140 1432 5194 in
1465 5156 1530 5234 eo
1575 5144 1917 5234 vernaculum
1948 5162 2052 5214 non
2079 5163 2138 5202 a-
2242 5150 2572 5206 misericordi
2620 5153 2857 5210 bonitate
2904 5138 3209 5234 peregit,vet
3239 5178 3358 5220 sua
3410 5170 3675 5234 potentia
3704 5167 3821 5219 nihil

563 5240 786 5328 guosco.
812 5228 1085 5328 Tunc-ille
1117 5229 1268 5285 fortis
1293 5231 1346 5284 in
1377 5232 1582 5322 prmlio,
1604 5231 1781 5302 justus
1810 5234 1860 5288 in
1878 5237 2137 5320 patibulo,
2239 5241 2458 5312 ademit,
2487 5249 2634 5320 quia,
2667 5249 2846 5302 statim
2901 5259 2960 5306 ut
3014 5228 3063 5305 ei
3124 5231 3350 5328 placuit,
3383 5228 3442 5314 et
3492 5259 3715 5327 revixit,
3744 5257 3820 5328 qui

564 5318 819 5374 innocens
847 5320 899 5375 in
925 5320 1099 5376 alieno
1121 5318 1407 5394 tormento,
1433 5339 1632 5378 cornua
1664 5328 1862 5393 peccati
1893 5318 2136 5387 manibus
2238 5335 2364 5390 vivit
2389 5345 2442 5391 et
2489 5318 2673 5409 regnat
2692 5339 2833 5396 Deus
2870 5356 2964 5410 per
3000 5318 3178 5400 omnia
3231 5318 3437 5404 saecula

563 5417 773 5488 mundis
801 5417 1040 5494 obtrivit,
1079 5428 1132 5475 et
1157 5419 1283 5476 dum
1306 5435 1366 5499 se
1389 5429 1556 5477 totum
1589 5420 1641 5476 in
1665 5421 1809 5493 ligno
1840 5423 1969 5496 figit,
2001 5440 2129 5492 acu-
2234 5430 2422 5498 Arnen.
3071 5415 3074 5417 ’

1574 5677 2762 5733 -—--—-I-.-—————

2612 5930 2618 5940 ι
2641 5930 2671 5944 α,
2729 5919 2792 5940 ³ἶ¹⁵
