4018 6472
202 357 331 450 IIGI

194 665 456 737 semitas,
482 675 588 724 etc.
614 665 748 725 Vide
776 683 941 725 serm.
973 684 1049 739 ιι,
1083 685 1138 724 ιι.
1173 669 1226 728 1.

780 780 1011 838 SERMO
1047 781 1167 838 XX.

261 889 476 963 Legitur
503 890 623 963 eius
645 907 766 962 pars
795 894 1038 965 quaedam
1066 903 1189 966 post
1229 895 1586 968 fragmentum
1614 900 1772 969 Quat-

192 991 422 1047 stionum
458 989 901 1060 Evangeliorum,
936 991 992 1047 in
1036 989 1205 1046 tribus
1234 991 1508 1050 codicibus
1545 994 1771 1054 Floren-

194 1081 333 1148 tinis,
377 1096 570 1152 nempe
599 1081 737 1139 Bibl.
765 1083 1042 1151 Laurent.,
1081 1083 1212 1154 plut.
1247 1101 1400 1154 xvm,
1425 1088 1546 1144 cod.
1581 1106 1724 1146 χχιιι
1750 1135 1767 1161 ,

190 1169 285 1228 fol.
316 1170 420 1237 93;
448 1172 579 1228 ibid.
613 1174 733 1230 cod.
756 1189 908 1242 xxiv,
939 1175 1034 1232 fol.
1070 1176 1172 1233 H8
1199 1176 1264 1244 b;
1285 1187 1338 1235 et
1365 1178 1504 1236 Bibl.
1533 1180 1768 1256 Mugell.,

189 1265 307 1322 cod.
331 1283 442 1333 xvr,
473 1267 565 1324 I'oI.
595 1266 721 1324 I24.

258 1357 402 1412 Edit.
423 1357 489 1431 Ν.
521 1359 574 1413 1.
604 1358 672 1414 In
695 1361 804 1431 ejus
830 1379 942 1430 gra-

187 1428 306 1483 tiam
316 1428 756 1497 manifestabimus
779 1428 937 1488 vobis.

255 1498 318 1553 N.
345 1500 404 1554 2.
433 1499 574 1554 Nam
603 1511 649 1556 et
681 1502 800 1557 inde
824 1519 941 1558 ora-

182 1569 498 1643 vitquodam
521 1572 576 1626 in
614 1573 833 1643 psalmo.

250 1640 384 1714 Ibid.
446 1639 624 1710 Pone,
677 1643 937 1714 Domine,

184 1712 465 1766 custodiam
492 1714 570 1768 ori
598 1730 712 1769 meo
733 1757 750 1781 ,
771 1723 816 1770 et
862 1712 943 1772 os.

185 1781 308 1836 tium
323 1785 652 1841 continentia:
668 1786 861 1842 circum
875 1787 946 1842 la-

185 1851 263 1907 bia
286 1869 422 1909 mea.

250 1995 388 2052 Ibid.
402 1997 510 2055 Sed
520 2014 818 2067 persuasum
827 2000 940 2056 est?

183 2064 302 2122 Non
330 2064 619 2124 excusetur.

252 2137 386 2211 Ibid.
437 2140 488 2195 Ν
494 2141 645 2197 anesi
680 2141 896 2198 advertit
917 2182 936 2211 ,

181 2210 375 2265 evertit.

1401 361 1776 426 LECTIONES
1814 364 2224 429 VARIAN'I'ES.

197 485 344 533 sunt:
373 491 476 531 non
509 489 693 549 sepeus
737 486 1014 548 mortuum,
1045 479 1168 552 quia
1211 493 1406 554 semper
1441 483 1518 538 ibi
1541 486 1763 552 vivitur;
1793 490 1846 552 Α
1941 488 2006 544 Ν.
2037 490 2090 545 4.
2124 490 2311 546 Totum
2333 495 2632 550 divideretis

195 585 297 626 non
322 571 601 627 concordes
628 571 868 644 litigioso,
898 575 1021 646 quia
1044 582 1236 631 teterna
1259 575 1330 630 ibi
1360 593 1478 647 pax.
1503 578 1682 636 Omnis
1701 579 1762 635 ibi

1898 561 2036 642 uobis,
2067 571 2210 618 tanta
2230 565 2400 624 minus
2422 566 2633 624 habere-

1084 1362 1220 1446 _Cod.
1245 1383 1358 1446 x__v|.
1384 1369 1450 1425 In
1474 1373 1584 1446 eius
1603 1373 1771 1446 gratia
1817 1428 1820 1432 ί

1016 1435 1417 1497 ministrabimus
1442 1435 1600 1498 vobis.

1086 1505 1219 1562 Cod.
1246 1525 1396 1566 xxm.
1431 1511 1574 1568 Nam
1635 1515 1771 1571 idem

1012 1578 1416 1651 orapitquodam
1435 1584 1490 1638 in
1513 1586 1730 1651 psalmo.

1084 1647 1254 1725 Codd.
1285 1649 1430 1709 Pone
1453 1695 1470 1722 ,
1501 1647 1723 1713 Domine
1751 1698 1767 1725 ,

1016 1720 1304 1796 custodiam
1327 1725 1405 1778 ari
1434 1720 1568 1796 meo,
1597 1737 1644 1783 et
1686 1720 1769 1782 os;

1017 1792 1142 1845 tium
1177 1792 1567 1852 circumstantia}
1618 1799 1766 1855 labiis

1105 1864 1117 1873 .
1408 1867 1419 1879 .
1547 1869 1560 1880 .
1666 1871 1678 1883 .
1944 1864 2008 1891 α.
2037 1864 2091 1892 υ.
2125 1864 2256 1898 accc
2281 1864 2310 1898 e
2348 1864 2418 1900 tm
2444 1865 2468 1901 s
2577 1867 2626 1903 nt
2773 1864 2850 1906 Id.
2931 1864 3040 1907 -‘cce
3087 1864 3224 1910 enim
3275 1873 3456 1913 sonum

1017 1864 1281 1988 κιεξέοέῖὲ
1281 1875 1606 1990 continentia:
1629 1886 1768 1926 ωιτη
1870 1924 1974 1998 ﬁrm.
1999 1926 2198 1981 revoco,
2221 1864 2379 1974 sednsi
2399 1864 2630 1975 vozinzu-
2701 1864 2942 1998 proferof
2943 1927 3031 1978 sed
3047 1941 3159 1979 cum
3172 1929 3456 1998 protulero,

1014 1932 1151 2006 labia
1169 1950 1299 2006 mea.
1691 1987 1712 2006 ,

1078 2003 1214 2059 Cod.
1243 2021 1350 2060 xvr.
1379 2007 1441 2063 Si
1469 2003 1769 2080 persuasum

1006 2083 1107 2141 est,
1135 2091 1241 2130 non
1267 2087 1553 2136 excusetur.

1078 2145 1170 2220 Sic
1191 2157 1244 2220 et
1269 2150 1438 2220 nostri
1460 2154 1644 2220 codd.,
1672 2154 1770 2210 sed

1013 2217 1192 2286 potius
1227 2217 1509 2289 legendum
1550 2217 1767 2281 videre-

1012 2295 1097 2364 _t_ur
1124 2301 1264 2364 cum
1284 2287 1430 2364 'ipso
1469 2293 1767 2364 Augustino

181 2348 345 2424 Enar.
377 2352 431 2408 in
459 2353 650 2422 psalm.
678 2369 734 2419 ι,
764 2369 822 2409 n.
854 2353 944 2421 II,
975 2356 1038 2412 Si
1064 2360 1303 2424 advertit,
1335 2348 1710 2422 animadtiertit.

250 2421 386 2480 Ibid.
422 2421 676 2491 Quoniam
711 2434 831 2482 ante
855 2441 935 2481 me

177 2502 267 2557 est,
301 2511 368 2550 ne
393 2499 456 2548 sit
485 2505 603 2549 ante
625 2504 692 2550 te.

247 2564 310 2618 Ν.
341 2567 397 2621 5.
432 2565 500 2621 Ut
542 2568 786 2636 quoniam
815 2583 933 2636 pec-

177 2636 318 2709 cavit
335 2647 386 2709 et
405 2639 624 2709 g_raviter
650 2639 895 2709 peccavit.

251 2707 384 2762 Ibid.
409 2707 747 2763 'Trahendum
763 2711 930 2764 omni-

177 2777 268 2833 bus
325 2779 710 2848 cupiditatibus.
781 2779 936 2837 Facit

177 2850 423 2919 quidquid
443 2849 582 2905 libet.

247 2921 382 2977 Ibid.
447 2920 644 2976 Rursus
707 2932 933 2978 recreata

175 2993 366 3060 anima,
400 2994 442 3046 si
472 2992 552 3048 his
574 2992 734 3047 verbis
761 2994 933 3048 credi-

176 3063 327 3134 derit,
349 3080 378 3116 a
394 3064 760 3134 desperationis
774 3065 931 3131 malo,

179 3133 400 3189 inveniet
427 3133 584 3189 aliam
609 3134 823 3201 foveam.

1079 2428 1177 2484 Iid.
1223 2431 1476 2497 Quoniam
1525 2445 1644 2492 ante
1688 2454 1770 2493 me

1006 2508 1102 2564 est,
1134 2516 1237 2556 non
1253 2503 1320 2556 sit
1341 2514 1459 2558 ante
1483 2515 1547 2560 te.

1083 2570 1181 2626 Iid.
1216 2570 1283 2626 Et
1309 2578 1554 2648 quoniam
1583 2595 1768 2648 pecca-

1008 2641 1177 2718 vit,_e_t
1207 2646 1426 2718 παιήων
1449 2641 1695 2718 peccavit.

1082 2683 1098 2709 ,
1128 2661 1176 2696 et
1267 2661 1426 2701 avster
1449 2661 1695 2718 peccavit.

1081 2713 1177 2769 Iid.
1207 2661 1557 2774 alim/tendum
1614 2722 1770 2778 omni-

1007 2783 1101 2862 bus
1119 2856 1129 2862 .
1150 2788 1516 2862 cupiditatibus
1539 2830 1554 2856 ,
1595 2791 1769 2862 facere

1003 2856 1253 2925 quidquid
1271 2859 1408 2917 libet.

1065 2926 1164 2984 Iid.
1193 2927 1772 2991 Rursusrecreaturani-

1005 3013 1090 3072 tua
1112 3015 1162 3051 ιη
1188 2997 1269 3072 his
1289 3003 1450 3056 verbis
1464 3005 1718 3072 ;;liberata
1736 3025 1772 3060 a

1010 3067 1379 3140 desperationis
1401 3067 1557 3140 malo,
1580 3077 1772 3132 invenit

1009 3137 1170 3192 aliam
1193 3140 1409 3209 foveam.

251 3204 384 3260 Ibid.
453 3204 591 3268 Quid
652 3205 937 3260 dicemus?

174 3277 296 3342 quia
311 3291 409 3330 non
429 3275 635 3346 quando
649 3291 702 3329 se
727 3291 933 3330 conver-

173 3347 319 3410 terit,
350 3345 493 3400 curat
522 3345 658 3399 Deus
688 3347 932 3414 paeniten-

172 3417 340 3471 tiam?
370 3416 592 3470 Dimittit
606 3415 740 3470 Deus
763 3418 934 3471 omnia

171 3497 381 3563 peccata
404 3488 688 3563 praeterita.
715 3558 725 3563 _
833 3559 844 3563 _
1004 3490 1146 3548 Deus
1169 3497 1340 3550 omnia
1362 3488 1606 3563 peccata?

244 3557 384 3638 Ibid.
408 3557 474 3638 _Ut
489 3558 678 3638 faciant
705 3558 935 3638 homines
1079 3563 1174 3638 Iid.
1209 3565 1277 3638 _Ut
1311 3557 1504 3638 faciant
1534 3572 1764 3630 homines

171 3627 422 3706 quidquid
449 3629 652 3706 volunt,
685 3630 934 3706 promissa
1006 3633 1258 3706 quidquid
1298 3627 1487 3694 volunt.
1533 3627 1767 3701 Promis;

173 3699 322 3753 venia
347 3740 360 3763 ,
409 3699 659 3768 promissa
705 3700 930 3786 impuni:
1000 3699 1058 3757 sa
1078 3699 1240 3773 venia,
1265 3712 1515 3778 promissa
1541 3699 1766 3786 impuni-

180 3777 303 3854 tate,
335 3786 450 3823 cum
489 3787 544 3824 se
562 3771 930 3826 converterint?
1004 3784 1127 3854 tate,
1157 3771 1275 3832 cuni
1311 3797 1364 3836 se
1390 3771 1724 3841 converterint
1743 3828 1758 3854 ,

175 3837 400 3910 Leuant,
432 3849 536 3897 etc.
1006 3837 1208 3917 laxant,
1241 3859 1346 3907 etc.

734 3935 972 3993 SERMO
1011 3938 1200 3998 XXVI.

247 4027 486 4086 Habetur
507 4025 594 4084 hic
618 4041 796 4084 sermo
817 4026 873 4082 in
903 4028 1025 4085 cod.
1056 4031 1208 4090 Cass.
1238 4049 1298 4108 ιι,
1324 4037 1418 4096 ιυι.
1445 4041 1568 4096 I79.

247 4119 635 4184 Bened.'l‘itul.
666 4120 743 4175 De
773 4121 935 4177 verbis
1079 4123 1209 4183 Cod.
1244 4131 1392 4186 addit
1417 4151 1429 4186 :
1456 4133 1678 4190 Habitus
1706 4137 1764 4191 in

175 4193 360 4262 psalmi
383 4237 398 4261 ,
429 4202 534 4250 etc.
1007 4194 1218 4254 basilica
1230 4200 1764 4264 Theodosiana.IIanc

1003 4269 1332 4328 additionem
1466 4278 1764 4334 emiserunt

177 4331 308 4415 edit.
339 4331 546 4415 tiamne
567 4377 580 4400 .
614 4337 708 4392 sed
733 4352 838 4393 non
861 4337 1234 4415 indicaverunt
1252 4345 1538 4415 orig'nem.

240 4403 308 4457 N.
338 4404 391 4480 9.
433 4404 604 4474 Quare
633 4417 800 4462 autem
836 4410 931 4465 da-
1073 4411 1150 4468 Id.
1178 4403 1367 4480 Quare,
1374 4418 1497 4474 data
1518 4428 1592 4474 est
1615 4419 1716 4476 lex.

173 4471 324 4530 batur
355 4475 456 4531 lex.

1079 3209 1216 3285 Cod.
1247 3227 1334 3285 xv:
1363 3223 1418 3270 et
1446 3230 1593 3272 xxtv.
1629 3218 1770 3285 Quid

1008 3279 1266 3336 dicimus?
1284 3284 1406 3357 quia
1430 3301 1533 3341 non
1557 3279 1762 3357 quando

1004 3365 1058 3403 se
1098 3356 1420 3420 converterit,
1445 3356 1589 3413 curat
1624 3359 1764 3416 Deus

1006 3423 1354 3495 paenitentiam
1385 3467 1401 3495 ,
1463 3439 1512 3481 et
1554 3431 1764 3488 dimittit

717 4570 950 4629 SERMO
988 4574 1224 4632 XXVIII.

241 4660 516 4718 Habemus
529 4657 676 4718 hunc
700 4677 1005 4723 sermonem
1031 4668 1083 4722 in
1112 4667 1232 4724 cod.
1251 4667 1401 4725 Cass.
1427 4685 1485 4738 ιι,
1511 4671 1604 4728 fol.
1628 4673 1755 4744 I52,
1787 4668 1844 4729 D

173 4750 227 4810 in
261 4769 370 4825 quo
395 4757 572 4827 magni
611 4761 872 4816 momenti
911 4763 1180 4820 variantes
1210 4768 1546 4835 reperiuntur
1568 4769 1755 4828 lectio-

171 4860 288 4902 nes.
320 4848 476 4904 Plura
499 4864 565 4906 ex
591 4851 711 4906 cod.
739 4852 982 4912 Romano
1006 4871 1356 4917 correxerunt
1376 4862 1610 4920 editores
1631 4870 1754 4923 novi

92 4973 101 4996 τ
170 4939 306 5010 (FF.
336 4941 568 5016 Gaume)
593 4987 607 5012 ,
656 4949 800 5003 unde
828 4951 1260 5014 concludendum.
1303 4956 1514 5014 Italicos
1542 4962 1757 5022 codices
1862 4997 1918 5038 σε

170 5046 277 5091 non
310 5036 386 5091 ita
413 5051 535 5094 esse
571 5038 976 5111 despiciendus,
1005 5047 1451 5123 corrigendosque
1493 5069 1615 5113 esse
1643 5059 1753 5114 ali-

170 5126 388 5193 quando
418 5128 791 5187 Maurinenses
817 5149 831 5198 ;
861 5144 916 5190 et
963 5138 1323 5198 correctiones
1349 5157 1534 5202 eorum
1574 5149 1754 5219 plures

168 5217 448 5274 confirmat
479 5221 564 5276 bic
590 5231 778 5278 noster
806 5225 997 5284 codex.

239 5307 526 5391 Bened.N.
552 5313 923 5391 2._E_s_t_lumsn
1065 5322 1198 5379 Cod.
1249 5323 1344 5382 Est
1383 5330 1554 5386 lumen
1607 5335 1755 5391 cordi

169 5383 304 5464 sardi
334 5389 505 5464 nostra
534 5387 616 5439 cui
660 5387 877 5444 dicimus
900 5406 920 5446 :
995 5406 1169 5449 nostro
1196 5438 1213 5464 ,
1265 5399 1349 5453 cui
1400 5383 1612 5460 dicimus
1640 5383 1754 5463 iiii

169 5450 381 5508 Auditui
405 5463 600 5524 nostro,
629 5466 736 5514 etc.
995 5465 1186 5520 lumine
1199 5450 1304 5522 'tuo
1332 5450 1627 5530 tuide'biiirwu's
1642 5450 1653 5459 ’
1666 5450 1752 5532 lit:

991 5553 1122 5592 men.
1143 5538 1236 5592 Est
1256 5557 1412 5598 sonus
1423 5546 1565 5599 cordi
1575 5559 1749 5604 nostra

993 5609 1082 5680 cui
1103 5609 1606 5680 dicimus:Auditui-.
1639 5629 1744 5676 etc.

1064 5679 1216 5758 Rom.
1254 5681 1521 5754 Nusquam
1568 5679 1706 5746 deest
1729 5731 1748 5758 ,

993 5767 1114 5831 non
1133 5753 1196 5806 de
1210 5753 1389 5831 .aquis
1429 5753 1752 5831 praeparatur

237 5660 371 5740 Ibid.
422 5663 694 5739 Nthuam
739 5672 914 5740 deest,

167 5746 254 5789 nec
279 5735 344 5792 de
363 5735 748 5814 transmarinis,
773 5735 877 5800 ete.

994 5823 1159 5913 nobis,
1181 5823 1270 5883 nec
1284 5827 1347 5884 de
1367 5823 1752 5906 transmarinis,
1863 5837 2011 5913 div_e_s_
2026 5823 2288 5913 impletus.

441 5973 718 6042 Ρηιιοι..
756 5903 1092 6046 Χινιιῗια

1762 3920 1784 3998 lf-
1869 3921 1968 3986 tas,
1999 3925 2043 3969 et
2067 3916 2401 3992 desiderium,
2432 3933 2538 3980 etc.

1788 6085 1822 6093 ι...

3321 387 3498 447 HO!“

2776 496 2853 554 Id.
2918 497 3110 558 Totum
3172 504 3500 564 divideretis‘

2705 569 2873 636 vobis,
2905 576 3042 642 quod
3061 577 3338 644 posuissem
3361 619 3376 644 ,
3408 589 3458 634 et

2706 653 2896 717 quanto
2909 645 3082 717 plures
3093 649 3287 717 essetis,
3312 659 3456 706 tanta
3499 675 3502 682 ·

2707 715 2875 769 minus
2898 715 3164 772 haberetis.

1945 773 2012 829 N.
2218 782 2384 850 potuit
2428 783 2526 837 hoc
2554 787 2636 859 fa-
2714 857 2722 859 Α
2780 786 2856 859 Id.
2891 787 2952 842 Si
2979 791 3139 849 potuit
3169 791 3264 845 hoc
3292 790 3459 859 facere

1875 858 1986 899 cere
2037 847 2325 906 intellectus
2370 869 2511 910 meus
2554 847 2632 910 'de
2705 847 2991 912 intellectus
3045 877 3185 914 meus
3223 847 3301 915 de.
3338 847 3460 918 voce

1872 930 1991 971 voce
2015 933 2144 974 mea.
2171 919 2307 978 Ecce
2338 925 2494 992 enim,
2522 936 2626 984 etc.
2703 945 2836 996 mea,
2905 946 3002 984 non
3051 935 3214 997 potuit
3253 936 3457 988 verbum

2707 998 2801 1058 Dei
2827 1001 2892 1056 de
2916 1017 3070 1056 carne
3095 1019 3210 1058 sua.

1945 1079 2042 1139 IIic
2067 1083 2406 1158 adiungimus
2449 1095 2707 1166 quasdam
2750 1099 2886 1154 alias
2915 1098 3184 1154 variantes
3225 1115 3288 1156 ex
3334 1101 3458 1158 cod.

1871 1171 2116 1234 Romano
2143 1195 2238 1236 cs'r
2260 1223 2276 1248 ,
2304 1201 2464 1253 quem
2490 1189 2655 1248 citant
2680 1191 2812 1248 edit.
2843 1192 3066 1249 Gaume.

1943 1266 2010 1324 Ν.
2049 1271 2100 1326 I.
2139 1270 2434 1332 Ventribus.
2461 1277 2640 1352 Jejuni
2780 1285 2912 1340 Cod.
2969 1286 3128 1346 Rom.
3193 1287 3462 1346 Ventribus

1871 1352 2066 1427 sumius:
2111 1351 2159 1427 ’ἢ
2253 1416 2264 1427 θ
2524 1351 2544 1427 ⁷-
2630 1425 2639 1427 _
2701 1357 3020 1427 jejunamus.

1951 1409 2086 1469 Ibid.
2110 1411 2444 1494 Esuriamus,
2462 1423 2641 1494 jejuni
2701 1409 2724 1427 ⁷
2753 1409 2856 1480 Ἰά.
2889 1409 3210 1486 Esuriamus.
3233 1429 3462 1488 Cumali-

1871 1496 2070 1571 sursus,
2093 1489 2424 1571 cumulique,
2453 1489 2572 1571 ere.
2703 1513 2826 1571 qua,
2854 1507 2990 1571 etc;
3023 1502 3222 1571 reliqua
3245 1503 3458 1560 desunt.

1942 1550 2008 1641 Ν.
2035 1555 2088 1610 ‘2.
2115 1555 2184 1611 Et
2200 1558 2294 1614 luat
2311 1550 2422 1628 est,
2435 1573 2482 1617 et
2505 1565 2632 1621 odor
2715 1550 2728 1567 ’
2775 1550 2990 1641 Id.UEt‘
3007 1550 3231 1641 ιὶιῖἒὲῑ,
3248 1550 3463 1631 bis}

1876 1635 1980 1702 est_,_
2005 1695 2016 1702 _
2039 1695 2053 1702 _
2160 1700 2169 1702 _
2659 1690 2664 1695 .
2702 1647 2797 1702 est,
2831 1648 2877 1692 et
2908 1640 3034 1695 odor
3053 1652 3147 1697 est.

1942 1694 2077 1750 Ibid.
2135 1700 2180 1752 Α
2230 1703 2630 1772 negotiatoribus

1874 1778 2127 1836 apportari
2136 1779 2239 1824 tur.

1944 1837 2008 1891 N.
2037 1838 2091 1892 5.
2125 1839 2256 1898 Ecce
2281 1846 2418 1900 enim
2444 1864 2626 1904 sonum

1875 637 1963 688 tis.

2770 1709 2828 1764 Id
2860 1747 2876 1764 .
2943 1713 2989 1766 Α
3065 1717 3462 1785 negotiatoribus

2700 1789 3023 1850 apponatur.

2773 1851 2850 1906 Id.
2912 1853 3040 1912 Ecce
3087 1856 3224 1910 enim
3275 1873 3459 1913 sonum

1873 1979 2003 2047 diri,
2035 1990 2140 2038 etc.
2185 1979 2191 1981 '
2691 1979 2810 2064 :iam'
2828 1979 2928 2046 non
2950 2012 3147 2064 revoco;
3170 1979 3460 2055 ieiunii

2700 2063 2871 2118 audiri
2900 2106 2916 2128 ,
2947 2075 3050 2122 etc.

2732 2151 2740 2158 ·
2774 2133 2853 2190 Id.
2895 2136 2963 2191 Et
3007 2155 3213 2194 assumo
3253 2157 3456 2209 sanum,

1871 2206 1998 2245 sono
2062 2194 2109 2250 ei
2167 2194 2374 2267 impono
2429 2194 2631 2261 inielle-
2702 2214 2751 2260 et
2803 2209 2946 2276 quasi
2998 2210 3204 2282 impono
3255 2194 3460 2270 inte—lle,-

1871 2270 2028 2316 ctum.
2705 2287 2842 2316 Mum

1871 2277 2028 2320 ctum.
2705 2287 2864 2334 ctum.

2442 2387 2678 2447 SERMO
2716 2391 2860 2449 XXX
2873 2436 2888 2450 .

1951 2486 2171 2561 Legitur
2215 2493 2268 2550 in
2305 2496 2428 2552 cod.
2476 2499 2627 2557 Cass.
2666 2518 2742 2572 ιι,
2775 2506 2868 2560 t'ol.
2902 2507 3025 2564 I79.
3056 2507 3358 2569 Concordat
3404 2515 3457 2573 in

1871 2585 2124 2642 omnibus
2152 2600 2275 2644 cum
2303 2589 2487 2658 editis,
2518 2605 2744 2666 excepto
2774 2599 2948 2657 titulo.
2982 2601 3073 2659 Sic
3101 2605 3244 2662 enim
3271 2607 3458 2664 inscri-

1869 2675 2016 2733 bitur
2041 2696 2053 2732 :
2086 2677 2269 2734 Sermo
2293 2681 2500 2738 habitus
2527 2685 2582 2741 in
2604 2687 2818 2744 basilica
2835 2690 3134 2750 Trialarum
3160 2697 3246 2754 die
3282 2697 3459 2755 Domi-

1872 2767 2006 2840 nico,
2042 2786 2162 2842 quas
2192 2772 2387 2832 desunt
2414 2777 2556 2847 apud
2586 2778 2969 2841 Maurinenses.

2409 2889 2646 2949 SERMO
2695 2894 2934 2954 XXXVI.

1945 2997 2243 3072 Exemplar
2295 3001 2555 3062 habemus
2598 3007 2896 3066 detractum
2947 3027 3011 3069 ex
3064 3015 3198 3072 Bibl.
3249 3019 3462 3078 Sancta

1871 3087 2064 3147 Crucis
2091 3093 2351 3162 Florent.,
2384 3098 2518 3165 plut.
2549 3114 2680 3156 xvm
2723 3102 2894 3171 dext.,
2925 3105 3046 3162 cod.
3081 3122 3160 3175 Iv,
3191 3109 3284 3166 fol.
3334 3112 3458 3170 κο.

1945 3202 2086 3281 Edit.
2137 3206 2201 3261 Ν.
2229 3205 2293 3281 ⁸4.
2323 3206 2638 3281 Compuncto

1872 3277 2026 3328 corde
2045 3275 2108 3330 de
2138 3277 2345 3332 scelere.

1943 3345 2009 3424 Ν.
2038 3343 2090 3399 5.
2125 3346 2208 3402 Sit
2238 3349 2486 3419 humilis;
2517 3354 2634 3424 plus

1869 3417 2112 3487 gaudeat,
2138 3427 2245 3474 etc.

1942 3487 2074 3562 Ibid.
2107 3487 2230 3545 Non
2266 3492 2494 3562 inﬂetur,
2528 3511 2632 3553 non

1871 3559 2169 3614 extollatur.

1941 3629 2004 3683 N.
2041 3633 2092 3684 ti.
2119 3629 2186 3710 In
2207 3635 2632 3710 gremioAbrahte

1869 3702 2218 3768 comparabat.

1939 3771 2072 3828 Ibid.
2109 3774 2295 3843 Opima
2340 3782 2618 3838 voluntate.

1942 3843 2078 3899 Ibid.
2094 3845 2213 3918 Pro
2251 3848 2413 3918 epulis
2459 3853 2626 3908 aridi-

1927 2112 2057 2178 .Ibi'd
2072 2163 2109 2206 ..
2147 2125 2447 2206 4ssumpto_
2481 2133 2630 2206 quasi

2781 3217 2910 3293 Cod.
2940 3221 3272 3293 Compunctio
3293 3229 3464 3286 cordis

2707 3288 2772 3341 de
2796 3291 2999 3347 scelere.

2778 3358 2856 3442 Id.
2881 3360 2973 3416 Sic
2984 3365 3191 3420 Immitis
3205 3368 3462 3442 plusgast-

2705 3429 2841 3497 deat,
2873 3442 2976 3489 etc.

2775 3499 2852 3579 Id.
2883 3502 3006 3562 Non
3037 3508 3265 3579 inﬂetur,
3288 3514 3334 3566 si
3373 3529 3461 3569 ex-

2703 3571 2938 3631 tollatur.

2773 3643 2849 3700 Id.
2869 3647 2947 3721 _ln
2994 3651 3188 3721 gremio
3242 3653 3460 3713 Abrahae

2703 3718 3030 3787 operabatur.

2767 3787 2843 3863 .
2879 3791 3084 3863 thima
3109 3797 3385 3852 voluntate.

2773 3859 2852 3914 Id.
2873 3859 2993 3934 Pro
3036 3866 3198 3934 epulis
3243 3870 3459 3927 aridilas

2703 3939 2814 4007 erat
2836 3932 2904 4000 ei,
2918 3941 2963 3986 et
2992 3932 3317 4007 desiderium,
3345 3951 3454 3999 etc.

2705 4001 2837 4057 Vide
2863 4019 2978 4058 var.
3008 4005 3174 4063 Maur.

2774 4073 2849 4128 Id.
2885 4073 2966 4129 De
2990 4094 3164 4134 mensa
3189 4081 3358 4136 divitis
3380 4084 3460 4138 in-

2701 4145 2930 4220 digentia
2981 4151 3102 4218 fuit.
3159 4151 3287 4220 Sed,
3346 4163 3454 4212 etc.

2705 4214 2840 4272 Vide
2867 4214 2997 4276 ibid.

2767 4286 2845 4342 Id.
2903 4291 3009 4347 Sed
3053 4293 3191 4348 illius

1939 4054 2073 4112 Ibid.
2107 4058 2186 4116 De
2228 4079 2404 4119 mensa
2432 4064 2623 4123 divitis.

1868 4125 1996 4195 Sed,
2024 4138 2128 4188 etc.

1938 4272 2072 4352 Ibid.
2107 4273 2212 4331 Sed
2251 4279 2393 4352 illius
2424 4290 2620 4352 egestas

1941 4306 2072 4328 ιυιυ.
2107 4306 2211 4331 σιω
2251 4306 2393 4334 uirus
2424 4306 2620 4352 egestas
2767 4306 2845 4342 tu.
2903 4306 3007 4347 Sea
3053 4306 3191 4348 tutus
3261 4306 3455 4368 egestas

1865 4346 2157 4411 praeteriens
2182 4389 2196 4413 ,
2265 4350 2416 4423 hujus
2473 4368 2622 4424 paena
2696 4361 2962 4424 praeteriit,
2994 4363 3152 4424 huius
3174 4382 3320 4424 mena
3345 4386 3455 4424 ner-

2696 4361 3152 4440 prwteriitthuj‘us
3174 4361 3320 4440 paena
3345 4386 3457 4440 per-

1865 4430 2196 4492 pertnunens.
2697 4443 2888 4486 manet.
2926 4430 3072 4490 Vide'
3085 4430 3215 4492 ibid.

1936 4486 2069 4543 Ibid.
2100 4488 2199 4544 Ubi
2222 4502 2339 4548 sunt
2365 4495 2468 4550 veri
2488 4495 2621 4550 divi-
2772 4501 2851 4557 Id.
2878 4504 2976 4560 Ubi
2995 4486 3230 4563 iure};
3254 4510 3453 4568 divites.

1863 4563 1982 4632 tes.‘
2038 4631 2049 4632 ί
2138 4631 2173 4632 η
2697 4571 2835 4629 Vide
2858 4574 2986 4632 ibid.

1938 4627 2002 4682 N.
2036 4631 2090 4685 7.
2124 4631 2244 4688 Non
2280 4635 2499 4692 habeant
2523 4653 2620 4691 au-

1864 4714 1978 4770 rum
1999 4703 2242 4770 justitiw.

2121 4773 2368 4848 Quando
2416 4777 2626 4848 exigunt

1861 4841 2010 4895 reddi
2036 4844 2151 4897 sibi.

1932 4910 2002 4988 N._
2029 4914 2116 4968 10.
2141 4915 2249 4972 Sed
2295 4928 2460 4974 mente
2505 4919 2624 4988 plus

1919 4983 2104 5040 ruitur.

2771 4644 2844 4698 Id.
2874 4645 2994 4700 Non
3016 4647 3230 4702 habeant
3247 4653 3455 4708 thesau-

2697 4730 2813 4768 rum
2833 4717 3072 4785 justitia'.
3278 4732 3283 4738 ‘

2769 4785 2845 4866 ε
2857 4788 3072 4866 Quando
3085 4789 3228 4845 illam
3243 4794 3455 4866 exigunt

2699 4855 2845 4910 reddi
2874 4859 2990 4912 sibi.

2771 4925 2853 5006 Id_._
2880 4928 2987 4984 Sed
2994 4931 3122 5006 plus
3151 4945 3314 4991 mente
3341 4954 3455 5006 per-

2699 4999 2961 5082 penditur.
2994 5001 3126 5059 Vide
3153 5021 3268 5061 var.
3299 4999 3452 5066 Mau-

2694 5085 2801 5125 "II.

2766 5141 2974 5198 Id.Non
2994 5156 3065 5200 est
3089 5147 3354 5206 thesaurus
3374 5153 3456 5209 in-

2692 5222 2774 5270 tus
2799 5214 3054 5272 solidatus
3082 5231 3128 5274 et
3151 5222 3354 5292 plenus.

1937 5125 2069 5182 Ibid.
2105 5125 2228 5184 Nan
2254 5142 2329 5188 est
2375 5136 2619 5192 thesauro

1861 5196 2102 5255 interiore
2131 5202 2383 5260 solidatas
2421 5216 2469 5262 et
2506 5206 2619 5279 ple-

1860 5283 1978 5325 ηαδ.

1931 5339 2066 5397 Ibid.
2139 5346 2291 5412 Quod
2349 5350 2621 5408 relicturus

1853 5425 1986 5464 sum.

1929 5481 2062 5537 Ibid.
2093 5483 2224 5540 Cum
2255 5489 2384 5544 mihi
2405 5492 2622 5550 minaris

1860 5552 2067 5631 auferre
2092 5559 2231 5631 quod
2255 5563 2391 5616 intus
2414 5565 2574 5621 habeo
2601 5610 2618 5631 ,

1857 5623 2066 5750 ἶπεέἱδ
2088 5623 2293 5698 auferre
2316 5635 2452 5702 quod
2478 5623 2618 5694 intus

2765 5356 2844 5414 Id.
2887 5358 3076 5428 -Quod
3158 5364 3456 5439 redditurus

2694 5445 2844 5556 8mlnd:
2897 5497 3025 5556 Cum
3067 5503 3194 5556 mihi
3235 5507 3453 5562 minaris

2695 5573 2903 5642 auferre
2923 5573 3065 5641 quod
3103 5573 3296 5644 habeo,
3340 5594 3454 5633 vere

2696 5644 2772 5698 vis
2801 5643 3005 5714 auferre
3031 5647 3169 5714 quod
3194 5643 3330 5703 intus
3359 5649 3454 5705 ha-

2692 5715 2850 5843 mt'd.
2889 5788 2986 5844 Ubi
3013 5791 3078 5846 sit
3105 5792 3199 5848 illo
3229 5792 3456 5849 donante

2699 5858 2840 5932 dives
2867 5857 3127 5932 impletus.

2773 5930 2852 5988 Id.
2891 5930 3081 5991 oculos
3114 5953 3252 5993 suos.
3286 5935 3456 5993 Homo

2981 6028 3060 6091 37

1932 5766 1998 5822 Ν.
2022 5767 2108 5840 II.
2128 5767 2196 5825 Ut
2217 5773 2281 5827 sit
2297 5773 2387 5832 illo
2400 5779 2622 5840 donante

1937 5909 2072 5969 Ibid.
2100 5909 2295 5976 Oculos
2317 5937 2435 5977 suos
2469 5923 2622 5984 homo

2677 6007 2710 6032 Α,
