3886 6456
82 320 204 382 1169

1051 309 1423 370 SERMONUM
1465 309 1918 370 GENUINORUM
1957 313 2016 370 S.
2060 313 2427 374 AUGUS'I'INI

3199 326 3335 382 H70

77 440 182 498 Non
225 434 455 494 debebat
486 433 621 491 mori
647 475 664 502 ,
709 433 804 489 sed
847 446 948 489 nec
991 445 1092 488 nos
1118 431 1398 487 debuimus
1428 429 1644 495 vivere,
1675 425 1721 482 Α
1755 429 1811 486 Si
1842 433 1924 487 vis
1947 442 2006 486 ut
2026 433 2120 488 tibi
2141 432 2456 501 dimittatur,
2511 434 2730 506 ignosce
2749 434 2922 502 fratri,
2952 437 3044 506 qui
3070 436 3139 493 ad
3169 446 3224 494 te
3240 454 3335 496 re-

77 531 190 604 quie
220 537 525 599 peccatores
546 539 752 583 sumus.
776 525 886 582 Nec
911 525 1010 594 ipsi
1038 539 1182 579 mors
1203 522 1522 589 debebatur,
1549 536 1648 576 nec
1753 524 1998 579 vertitur.
2026 524 2171 580 Hanc
2200 541 2411 595 precem
2442 525 2791 597 Jurisperitus
2817 527 3052 585 ccclesiis
3079 529 3335 599 dictavit;

75 623 221 680 nobis
259 621 387 676 vita.
435 618 586 686 Quod
629 617 780 673 nobis
813 607 1111 672 debebatur
1141 612 1396 677 indulsit,
1425 620 1480 668 et
1508 611 1650 682 quod
1755 629 1860 670 non
1891 623 1942 670 te
1978 614 2110 671 fallit
2141 617 2216 683 η,
2259 618 2304 672 si
2346 617 2510 674 facias
2551 619 2692 687 quod
2721 628 2772 675 te
2797 619 3000 676 docuit.
3031 621 3219 678 Omnis
3243 623 3340 694 qui

75 717 121 773 εἰ
141 729 241 769 non
287 710 582 768 debebatur
610 709 864 780 suscepit.
915 706 1020 764 Sed
1061 704 1184 777 quia
1221 704 1290 760 de
1337 704 1654 789 remissione
1754 711 2049 766 contemnit
2080 711 2288 766 Domini
2320 711 2686 781 disciplinam,
2713 713 2888 782 perdit
2915 724 3231 779 causam,et
3255 715 3338 770 in-

73 805 242 878 sgitur
268 811 628 872 peccatorum,
658 813 714 856 ut
740 817 844 856 non
874 813 1060 856 eamus
1089 813 1182 868 per
1207 798 1444 866 longum.
1478 795 1654 852 imite-

74 913 186 956 mur
207 887 494 952 Christum
512 895 816 951 Dominum.
845 892 986 949 Audi
1009 889 1324 961 Apostolum
1340 889 1607 945 dicentem
1635 905 1652 942 :

69 992 263 1048 Donate
288 990 304 1021 ⁸
329 989 483 1054 vobis,
516 988 644 1042 sicut
684 995 730 1041 et
758 984 899 1040 Deus
917 985 976 1056 in
998 983 1202 1038 Christo
1230 981 1436 1037 donavit
1467 980 1605 1035 vobis
1631 980 1653 1010 ²

69 1083 285 1155 (Ephcs.
331 1097 415 1148 tv,
453 1079 564 1151 32).
616 1079 741 1134 Haec
780 1078 942 1134 verba
994 1075 1231 1146 Apostoli
1257 1084 1403 1140 sunt,
1428 1089 1533 1130 non
1561 1086 1657 1129 no-

68 1175 398 1234 stra:Estote
423 1174 695 1228 imitatores
718 1171 833 1236 Dei,
847 1172 976 1226 sicut
1004 1167 1103 1239 ﬁlii
1131 1167 1412 1222 charissimi
1439 1165 1656 1237 (Ephes.

69 1285 118 1339 v,
153 1269 227 1339 Ι).
261 1267 430 1322 Filius
485 1280 564 1331 es,
597 1281 664 1319 an
696 1263 914 1338 servus?
959 1255 1227 1319 Memento
1251 1260 1375 1332 quia
1396 1267 1452 1315 et
1472 1271 1660 1317 servos

67 1366 276 1431 oportet
302 1373 421 1414 esse
442 1358 832 1428 obsequentes,
859 1362 914 1412 et
939 1353 1076 1411 ﬁlios
1106 1367 1212 1408 non
1235 1351 1391 1409 decet
1416 1365 1537 1407 esse
1558 1349 1656 1405 de-

64 1449 514 1525 generes.'Filius
551 1448 780 1515 diceris;
819 1446 866 1503 si
913 1446 1094 1504 renuis
1137 1444 1301 1516 patris
1339 1443 1658 1515 iussionem,

67 1559 170 1600 non
213 1541 561 1614 consequeris
589 1540 705 1612 ejus
733 1539 1120 1596 hereditatem.

134 1633 187 1689 4.
220 1632 342 1688 Hoc
367 1632 624 1698 dicerem,
661 1631 705 1686 si
729 1630 859 1686 nihil
889 1630 1092 1701 peccati
1119 1627 1368 1695 haberes,
1398 1626 1539 1699 quod
1569 1625 1666 1684 tibi

65 1724 269 1799 ignosci
307 1722 664 1778 desiderares.
693 1720 849 1777 Modo
877 1730 1056 1778 autem
1090 1720 1184 1776 tibi
1211 1719 1333 1776 dico
1356 1759 1374 1787 ,
1407 1735 1440 1776 o
1468 1719 1662 1790 homo,

1758 802 1902 858 venit
1925 802 1967 832 ¹³
1995 802 2326 871 poenam.Tu
2359 805 2494 874 ipse.
2525 818 2642 858 cum
2674 817 2819 870 oras,
2851 805 3113 870 mentiris,
3146 807 3198 861 in
3226 808 3341 876 ipsa

1757 895 1999 950 oratione
2027 895 2379 950 convinceris.
2414 894 2596 966 Neque
2624 895 2767 951 enim
2790 904 2846 951 ut
2876 903 2928 951 te
2953 896 3090 952 Deus
3119 900 3343 954 convin-

1759 996 1862 1053 cat,
1894 996 2056 1044 testes
2076 1003 2104 1043 a
2131 996 2183 1044 te
2205 988 2249 1021 ¹¹⁵
2278 989 2486 1058 quasrit.
2516 989 2616 1057 Qui
2639 989 2735 1045 has
2756 1003 2946 1060 preces
2971 989 3224 1058 dictavit,
3247 991 3314 1045 ad

1760 1086 1978 1135 vocatus
2001 1088 2082 1135 est
2111 1089 2252 1135 tuus.
2283 1079 2341 1135 Si
2367 1081 2663 1151 negaveris,
2688 1081 2843 1136 testis
2867 1088 2952 1137 est
2973 1089 3114 1147 tuus,
3146 1083 3190 1137 si
3221 1097 3346 1138 cono

1761 1169 1983 1237 temnis,
2008 1169 2172 1240 judex
2194 1178 2278 1226 est
2301 1178 2440 1226 tuus.
2475 1170 2618 1242 Ergo
2644 1170 2753 1236 dic,
2794 1179 2850 1226 et
2875 1171 2992 1237 fac;
3039 1171 3344 1228 nullatenus

1763 1269 1989 1335 possunt
2013 1261 2176 1316 verba
2216 1247 2375 1331 hujus
2403 1263 2664 1317 orationis
2685 1263 2935 1329 transiri;
2974 1271 3067 1320 aut
3104 1265 3346 1335 nunquid

1764 1332 1907 1407 hunc
1929 1366 2142 1407 versum
2169 1351 2352 1407 delere
2373 1352 2566 1407 exinde
2596 1367 2902 1423 possumus.
2941 1354 3058 1410 Jam
3089 1332 3245 1427 ergo-
3266 1357 3349 1413 di-

1765 1458 1951 1501 camus
1976 1461 1990 1500 :
2032 1443 2243 1498 Dimitte
2264 1444 2408 1499 nobis
2430 1445 2598 1500 debita
2624 1453 2672 1500 et
2701 1455 2908 1515 peccata
2936 1454 3132 1515 nostra,
3167 1457 3223 1505 et
3242 1462 3349 1505 non
3396 1445 3398 1448 ’

1766 1534 2009 1591 dicamus
2033 1536 2107 1590 ’δε
2129 1535 2276 1592 Sicut
2305 1545 2350 1591 et
2372 1552 2464 1590 nos
2489 1536 2794 1592 dimittimus
2805 1538 3112 1594 debitoribus
3141 1542 3352 1596 nostris:

1767 1627 2059 1695 Continuo,
2093 1636 2150 1684 et
2177 1628 2432 1684 Dominus
2461 1629 2594 1684 dicit
2620 1630 2776 1686 nobis
2817 1647 2834 1684 :
2864 1629 2930 1685 In
2971 1648 3072 1700 qua
3113 1649 3352 1688 mensura

1740 1784 1754 1799 .
1769 1721 1934 1774 mensi
1949 1719 2169 1790 fueritis,
2182 1720 2236 1774 in
2252 1720 2430 1776 eadem
2446 1723 2736 1776 rcmetietur
2767 1724 2903 1778 vobis
2926 1723 3142 1794 (Matth.
3158 1742 3253 1797 vn,
3267 1727 3351 1800 2).

59 1818 104 1874 si
124 1819 280 1889 justu
290 1833 314 1872 s
333 1817 427 1883 sis,
445 1816 604 1872 homo
616 1829 676 1872 es
690 1816 712 1846 ³
731 1831 746 1881 ;
773 1815 820 1872 si
847 1815 1013 1871 laicus
1041 1816 1132 1881 sis,
1174 1814 1334 1870 homo
1349 1829 1436 1881 es;
1465 1813 1511 1870 si
1534 1819 1652 1869 mo-
1681 1810 1731 1871 B
1756 1810 2126 1868 Hu'ncversum
2139 1811 2319 1868 delere
2332 1812 2399 1869 de
2410 1813 2590 1870 animo
2603 1829 2709 1870 non
2721 1814 2980 1882 debes,ne
2991 1826 3044 1873 et
3057 1827 3112 1873 tu
3121 1818 3354 1877 delearis

59 1909 262 1966 nacbus
301 1922 394 1976 sts,
421 1909 584 1964 homo
605 1922 698 1974 es;
726 1908 771 1964 si
801 1906 1028 1963 clericus
1055 1907 1153 1974 sis,
1175 1907 1333 1962 homo
1355 1921 1436 1963 es.
1466 1905 1661 1964 Vocem

57 2000 298 2072 apostoli
329 2000 553 2056 Joannis
569 1999 994 2056 audidicentem.
1023 1997 1158 2055 Vide
1175 1999 1345 2068 qualis
1371 1998 1436 2052 sit
1466 1996 1662 2068 quem"

61 2094 228 2162 dico,
295 2102 354 2148 ut
403 2094 588 2149 audias
638 2093 786 2148 illum
851 2093 941 2163 qui
997 2107 1158 2162 super
1205 2101 1392 2163 pectus
1449 2091 1663 2147 Domini

65 2186 474 2252 accumbebat,
538 2200 698 2256 quem
756 2183 1011 2254 diligebat
1067 2183 1322 2239 Dominus
1377 2183 1660 2253 plusquam

64 2287 324 2336 caeteros.
378 2276 514 2334 Audi
541 2277 666 2348 quid
695 2276 924 2332 dixerit:
957 2276 1020 2332 Si
1055 2277 1333 2331 dixerimus
1372 2277 1493 2346 quia
1538 2292 1660 2346 pec-

61 2377 371 2425 catum‘ncn
398 2367 658 2422 habemus.
700 2366 816 2422 Non
846 2366 981 2422 dixit
1013 2383 1027 2419 :
1075 2365 1136 2422 Si
1163 2365 1428 2433 dixeritis,
1468 2364 1564 2421 sed
1601 2365 1664 2421 Si

65 2461 391 2527 dixerimus;
421 2474 479 2516 se
520 2459 760 2529 adjunxit
783 2460 834 2514 in
863 2459 1096 2529 culpam,
1129 2468 1186 2513 ut
1217 2459 1526 2530 perveniret
1559 2459 1580 2490 ⁵
1608 2458 1662 2513 in

62 2541 490 2623 indulgentiam.
517 2551 606 2607 Ait
633 2565 760 2622 ergo
786 2567 800 2604 :
854 2549 916 2606 Si
944 2550 1224 2605 dixerimus
1252 2551 1377 2622 quia
1403 2559 1664 2622 peccatum

59 2661 168 2700 non
187 2646 457 2714 habemus,
491 2661 582 2702 nos
610 2646 747 2717 ipsos
776 2645 1055 2717 decipimus
1077 2645 1129 2710 ⁸,
1159 2652 1207 2700 et
1233 2647 1419 2700 veritas
1439 2646 1495 2700 in
1519 2645 1666 2699 nobis

58 2755 168 2795 non
189 2747 266 2794 cst
293 2737 475 2810 (Jahn.
507 2754 546 2804 ι,
578 2736 658 2809 8).
687 2737 829 2808 Ergo
855 2737 1112 2794 habemus
1135 2745 1392 2806 peccata;
1433 2737 1477 2790 si
1509 2737 1664 2792 volu-

1766 1902 1982 1959 delibro
1995 1904 2111 1959 Dei.
2125 1903 2182 1958 in
2195 1893 2554 1962 orationeiSta
2575 1889 2731 1972 dicis,
2747 1904 2828 1960 od
2843 1906 3010 1971 ;dicis
3035 1907 3097 1975 ιο,
3117 1908 3353 1979 Dimitte,

1767 2002 1828 2050 ut
1854 1993 1997 2066 quod
2014 2009 2122 2050 non
2153 1994 2320 2051 habes
2345 1996 2596 2066 accipias,
2628 1999 2671 2051 si
2697 2005 2872 2052 tamen
2899 1998 3052 2052 fratri
3075 1999 3344 2069 ignoscas.

1734 2077 1736 2080 ’
1767 2086 1942 2158 Ipsum
1973 2087 2308 2144 Salvatorem
2335 2087 2460 2142 audi
2487 2088 2593 2144 alio
2619 2087 2737 2144 loco
2755 2089 3026 2146 dicentem
3061 2108 3074 2144 :
3106 2090 3266 2158 Date,
3305 2100 3355 2149 et

1766 2178 1970 2233 dabitur
2010 2179 2188 2242 vobis;
2228 2178 2487 2245 dimittite,
2529 2187 2575 2234 et
2615 2179 2898 2236 dimittetur
2928 2182 3069 2237 uobis
3098 2181 3248 2251 (Luc.
3277 2199 3356 2252 vr,

1768 2272 1859 2339 57,
1889 2272 2004 2342 38).
2039 2273 2104 2326 Et
2135 2285 2204 2328 ne
2227 2286 2321 2327 vos
2345 2271 2548 2328 diutius
2579 2280 2880 2342 teneamus,
2910 2275 2957 2329 si
2986 2274 3229 2330 volumus
3251 2277 3356 2330 ‘no—

1766 2363 1850 2420 bis
1877 2363 2162 2419 Dominum
2192 2363 2459 2429 misereri,
2495 2364 3155 2436 misereamurindigenti;
3188 2368 3233 2422 si
3263 2381 3356 2420 vo-

1767 2455 1944 2511 lumus
1973 2455 2129 2511 nobis
2161 2465 2374 2526 peccata
2406 2454 2626 2522 dimitti,
2673 2455 3004 2513 dimittamus
3030 2467 3087 2514 et
3123 2474 3222 2514 nos
3252 2457 3355 2514 fra-

1769 2547 1840 2605 tri
1863 2548 2126 2618 peccanti.
2563 2591 2566 2594 .

2307 2638 2540 2696 SERMO
2588 2636 2818 2695 CXVIII.

1841 2754 2058 2825 Legitur
2080 2752 2132 2808 in
2166 2752 2302 2809 Bibl.
2331 2752 2612 2819 Lanrent.,
2643 2725 2778 2824 pint.
2818 2769 2914 2821 ιιι,
2947 2757 3072 2812 eod.
3115 2772 3228 2824 stv,
3261 2758 3358 2815 fol.

54 2846 184 2887 mus
213 2831 482 2901 consequi
515 2830 747 2894 veniam,
771 2828 958 2885 demus
987 2829 1008 2860 ⁷
1051 2825 1306 2884 fratribus
1334 2825 1535 2882 nostris
1580 2826 1658 2882 in-

1778 2849 1875 2905 272
1905 2850 1954 2914 b,
1986 2855 2040 2903 et
2070 2849 2120 2902 in
2149 2847 2284 2902 Bibl.
2318 2847 2535 2912 Venet.,
2558 2846 2680 2902 cod.
2712 2862 2866 2916 utx,
2909 2847 3008 2903 fol.
3057 2848 3150 2903 47.
3181 2851 3268 2906 Sic
3309 2853 3362 2911 in

45 2921 423 3014 dulgentiam.
481 2919 788 2974 inimicitias
856 2921 909 2973 in
971 2918 1134 2974 corde
1194 2927 1378 2973 nostro
1415 2933 1523 2973 non
1579 2932 1658 2974 re-

1778 2935 2044 2996 codicihus
2072 2953 2131 2995 se
2161 2939 2322 2993 habet
2371 2939 2424 2993 in
2455 2938 2608 2994 titulo
2641 2953 2654 2992 :
2689 2935 2882 3006 Incipit
2923 2954 3086 2995 sermo
3130 2941 3362 3003 eiusdem

46 3008 375 3077 tineamus,
418 3011 538 3082 quia
586 3009 879 3065 inimicitia
923 3015 1144 3064 retentat
1181 3008 1382 3064 faciunt
1421 3022 1658 3064 commo-

1778 3031 2090 3102 (Augustini)
2121 3031 2184 3085 de
2209 3028 2494 3084 Nativitate
2525 3019 2750 3086 Domini.
2772 3059 2842 3072 -—-
2857 3030 2936 3086 De
2955 3047 3014 3086 eo
3035 3033 3170 3101 quod
3190 3029 3364 3087 Euan-

59 3105 322 3194 liOﬂem-i
1119 3192 1127 3194 Δ
1562 3191 1572 3194 _
1705 3191 1736 3194 _
1772 3123 1954 3192 gelista
1982 3121 2104 3173 dicit
2134 3137 2152 3174 :
2189 3139 2208 3171 ι
2241 3121 2305 3173 In
2350 3121 2607 3189 principio
2635 3131 2744 3175 erat
2792 3122 3050 3188 Verbum;
3089 3142 3108 3175 ι
3143 3133 3190 3177 ct
3228 3125 3364 3194 quod

127 3197 186 3252 5.
217 3193 366 3250 Volo
385 3202 438 3250 te
458 3194 842 3265 ignoscentem,
869 3194 992 3264 quia
1008 3192 1132 3249 novi
1158 3202 1209 3247 te
1226 3205 1442 3262 semper
1453 3191 1658 3248 veniam

1778 3191 1830 3268 in
1858 3211 2040 3266 Genesi
2069 3211 2316 3280 scriptum
2342 3220 2416 3265 est
2438 3228 2458 3266 :
2494 3230 2512 3263 ι
2550 3210 2617 3264 In
2648 3214 2904 3282 principio
2942 3215 3059 3284 fecit
3097 3191 3362 3271 Deusvcce-

52 3287 464 3361 postulantem.
522 3285 696 3353 Rogas
736 3285 830 3339 tibi
885 3283 1121 3354 ignosci;
1148 3281 1354 3351 juberis
1382 3281 1670 3340 dimittere.

45 3382 174 3438 Non
205 3378 471 3452 agnoscis
497 3377 636 3448 quod
671 3377 825 3444 dicis,
871 3391 992 3432 cum
1030 3377 1312 3431 Dominum
1341 3375 1671 3445 depreceris.

45 3475 219 3532 Modo
261 3473 420 3539 veni,
463 3479 516 3526 et
541 3485 663 3530 ora;
696 3469 785 3524 ubi
823 3483 945 3525 oras
993 3469 1038 3535 ⁸,
1091 3469 1166 3524 ibi
1194 3478 1246 3524 te
1296 3467 1557 3524 convinco
1619 3469 1675 3525 in

43 3567 241 3626 verbis
281 3567 416 3620 tuis.
459 3563 644 3620 Nonne
665 3563 898 3634 quotidie
927 3563 1100 3619 dicis:
1148 3562 1306 3616 Pater
1339 3572 1504 3617 noster
1528 3604 1544 3628 ,
1586 3564 1675 3633 qui

45 3681 102 3719 es
131 3662 194 3718 in
237 3659 394 3714 cwlis
409 3658 435 3712 Ρ
455 3656 572 3713 Non
594 3660 616 3692 ν
635 3657 776 3712 enim
804 3664 955 3727 potes
965 3670 1086 3713 esse
1111 3655 1163 3711 in
1179 3668 1403 3710 numero
1420 3655 1670 3724 ﬁliorum,

43 3757 90 3815 si
117 3770 234 3812 non
260 3753 422 3809 dicas
455 3769 469 3805 :
504 3749 661 3805 Pater
688 3759 877 3816 noster,
905 3751 995 3820 qui
1031 3765 1084 3805 es
1110 3750 1166 3803 in
1195 3747 1353 3804 catis.
1385 3749 1623 3818 Sequere
1656 3766 1670 3802 :

45 3845 447 3916 Sanctiﬁcetur
470 3858 652 3898 nomen
673 3850 836 3896 tuum.
862 3841 958 3897 Dic
979 3841 1153 3897 adhuc
1177 3859 1189 3895 :
1224 3842 1467 3896 Adveniet
1499 3841 1542 3873 ¹⁰
1567 3857 1675 3913 reg-

41 3957 178 3998 num
210 3951 396 3994 tuum.
425 3933 621 4000 ,Adhuc
665 3947 889 4002 sequere
919 3949 932 3988 :
969 3931 1094 3987 Fiat
1122 3936 1361 3988 uoluntas
1390 3945 1500 4000 tua,
1539 3934 1675 3989 sicut

39 4037 99 4092 in
131 4033 296 4099 calo,
329 4038 382 4085 et
413 4028 470 4082 in
494 4037 648 4082 terra.
697 4025 831 4083 Vide
855 4025 982 4096 quid
1002 4025 1298 4097 adiungas:
1333 4024 1528 4081 Panem
1579 4042 1673 4082 no-

37 4137 220 4185 strum
257 4120 634 4194 quotidianum
663 4118 732 4171 da
770 4118 913 4172 nobis
953 4118 1127 4173 hodie.
1183 4117 1282 4172 Ubi
1303 4129 1428 4173 sunt
1473 4118 1672 4174 divitite
1775 4117 2124 4194 τξθηξευιξξξξιυ
2155 4117 2420 4194 “Wﬁlin

38 4181 194 4276 tum?
244 4181 392 4271 ecce
427 4209 716 4265 mendicas.
747 4207 854 4265 Sed
885 4209 1000 4264 haec
1026 4209 1128 4263 alia
1167 4222 1328 4263 causa
1368 4217 1481 4274 est;
1527 4209 1672 4266 unde
1775 4189 1954 4260 ιίίιυίε·
1982 4187 2114 4242 Vide
2136 4192 2290 4241 “0‘35
2315 4181 2544 4238 Μδυτίηι
2562 4183 2630 4236 ad
2655 4181 2798 4236 mm"
2818 4193 3143 4235 δθτωοηθηδο

32 4310 302 4382 agimus,
336 4301 480 4358 inde
515 4314 754 4371 agamus.
803 4299 899 4354 Dic
921 4298 1134 4354 adhuc:
1176 4298 1244 4352 Et
1284 4298 1484 4353 dimitte
1521 4299 1666 4356 nobis
1802 4379 1812 4382 Α
1844 4305 1984 4362 Edit.
2032 4303 2111 4382 Ν..
2148 4303 2204 4359 2.
2269 4301 2530 4382 Quantum

38 4369 299 4476 peccatur
323 4369 722 4458 nostra,—sicut
763 4400 812 4446 et
854 4406 948 4445 nos
999 4390 1303 4444 dimittimus
1360 4389 1658 4446 debitoribut

1778 4379 1871 4463 sint
1892 4374 2111 4457 perversi
2137 4383 2182 4428 et
2203 4369 2526 4445 preparando

1777 3305 1887 3359 lum
1913 3311 1960 3358 et
1989 3311 2203 3369 terram,
2255 3321 2273 3353 ι
2309 3301 2442 3356 unde
2487 3304 2772 3356 ostenditur
2816 3304 2904 3374 qui
2935 3303 3078 3376 [cod.
3122 3304 3268 3377 quia]
3313 3308 3366 3361 in

1777 3397 2028 3469 principio
2053 3402 2186 3462 erat,
2212 3395 2324 3449 sine
2353 3395 2502 3450 initio
2532 3411 2639 3449 esse
2664 3394 2764 3467 [Id.
2789 3393 2915 3466 est];
2963 3397 3099 3466 quod
3120 3407 3290 3454 autem
3312 3399 3367 3455 in

1777 3486 2031 3559 principio
2059 3489 2249 3556 factum
2289 3493 2380 3551 est,
2415 3496 2685 3556 propterea
2730 3486 2935 3544 initium
2977 3488 3200 3557 habere,
3244 3491 3367 3560 quia

1779 3601 1880 3641 non
1911 3592 2044 3650 erat,
2076 3592 2123 3637 et
2153 3582 2351 3652 factum
2381 3590 2476 3636 est.

2310 3692 2546 3750 8εῆΜο
2588 3693 2822 3750 CXXVI.

1849 3814 2120 3885 Leguntur
2153 3812 2313 3881 hujus
2340 3811 2610 3867 sermonis
2639 3811 2847 3865 numeri
2876 3809 2934 3876 2,
2964 3809 3020 3876 5,
3050 3809 3104 3877 4,
3128 3821 3182 3866 et
3210 3811 3368 3868 dimi-

1775 3905 1921 3961 dium
1952 3904 2146 3975 quinti,
2177 3904 2232 3957 in
2264 3903 2406 3957 Bibl.
2438 3901 2716 3969 Laurent.,
2746 3901 2882 3970 plut.
2923 3917 3040 3965 xm,
3084 3903 3206 3957 cod.
3245 3918 3363 3972 vnt,

1773 3991 1870 4058 fol.
1915 3999 2017 4055 187
2042 3999 2106 4064 b;
2136 4013 2256 4068 qua:
2311 3996 2571 4051 orationis
2614 4009 2737 4064 pars
2782 3995 3086 4050 annectitur
3129 3990 3369 4055 sermoni

1760 4089 2124 4152 'Benedictino
2155 4105 2420 4156 ccccxxs,
2452 4090 2592 4144 sicut
2619 4097 2675 4146 et
2705 4089 2756 4142 in
2801 4089 2920 4144 aliis
2957 4088 3231 4144 codicibus
3271 4103 3369 4146 au-

2673 4293 2808 4351 Cod.
2872 4295 3039 4360 Quam
3091 4295 3194 4348 sint
3216 4364 3223 4366 ,
3246 4311 3366 4366 per-

2601 4367 2731 4422 uersi
2768 4374 2819 4421 ct
2861 4364 3256 4437 imprOpcrandi'
3287 4368 3370 4420 vi-

40 4448 268 4571 ;;;;;
301 4448 554 4585 (hami;
582 4499 666 4585 νβ
709 4481 891 4585 θ’φλ
946 4481 1114 4585 γξθξήθ
1153 4483 1218 4537 ad
1265 4483 1427 4538 verba
1460 4497 1578 4538 mea
1615 4492 1669 4539 et
1769 4448 2000 4574 vitia”.
2044 4513 2374 4585 Sperantium
2408 4510 2528 4566 sub-
2602 4448 2754 4563 "eiii.
2812 4504 3198 4577 Sperandarum
3251 4505 3371 4560 sub-

39 4597 158 4644 tua.
221 4581 435 4639 Dicis:
487 4575 698 4630 Dimitte
737 4574 883 4628 nobis
926 4573 1093 4627 debita
1146 4581 1320 4627 nostra
1349 4581 1396 4627 et
1434 4581 1660 4644 peccata.
1690 4573 1975 4645 υδιαηιεαμ
2090 4573 2100 4585 '
2596 4580 2808 4635 smmi“.
2856 4573 2865 4577 -
2967 4599 2970 4604 ,
3404 4598 3411 4604 ,

33 4680 162 4749 Quo
207 4672 393 4748 jure?
446 4683 554 4740 quo
591 4666 797 4737 pacto?
847 4679 953 4734 quo
1000 4664 1356 4734 chirographo
1399 4666 1663 4720 recitato?
1823 4657 2126 4749 IbidZIVisi
2160 4671 2222 4711 ea:
2253 4653 2345 4708 illo
2388 4648 2526 4720 quod
2607 4645 2925 4749 “Aldhﬂtisi
2972 4663 3035 4702 ea:
3081 4647 3173 4701 illo
3215 4661 3361 4717 quem

35 4718 228 4829 SicutJ
261 4775 314 4822 et
364 4718 480 4818 nos1
520 4718 822 4815 dimittimus
847 4718 1389 4812 debitoribusunoitris.
1423 4756 1658 4813 Conditio

1778 4748 1874 4788 non
1893 4730 2054 4784 vides.
2402 4718 2410 4720 ἡ
2607 4736 2708 4773 non
2738 4718 2895 4772 vides.
3309 4766 3312 4769 Α

1841 4799 1976 4857 Ibid.
2006 4797 2314 4854 lnteriorem
2338 4792 2530 4846 habita-
2676 4788 2754 4843 Id.
2787 4786 3090 4857 Interiorem
3117 4786 3369 4842 habitato-

35 4865 220 4936 posita
250 4868 382 4927 est;
417 4857 514 4912 lex
536 4853 641 4908 lixa
675 4859 776 4910 est.
807 4848 1023 4906 Dimitte
1048 4848 1225 4916 nobis,
1244 4848 1379 4904 dicis
1406 4849 1664 4918 Domino,

1772 4856 1933 4927 torem
1995 4867 2295 4924 interiorum
2356 4860 2535 4917 oculo.
2605 4875 2711 4914 rem
2741 4856 3026 4914 oculorum.

31 4959 185 5016 sicut
220 4951 486 5012 dimitto.
519 4945 662 5016 Ergo
695 4958 803 5001 non
834 4941 1065 4998 dimittet
1092 4943 1168 5006 “,
1205 4942 1248 4996 si
1289 4954 1394 4997 non
1420 4941 1663 4998 dimittis.
1773 4959 1913 4999 rum,

118 5192 137 5223 ³
174 5184 370 5244 Codd.
403 5188 609 5243 xxxrx,
643 5186 709 5227 cv
734 5183 785 5226 et
808 5165 1203 5244 cx,_Donantes.

110 5263 136 5296 ι
182 5237 502 5317 gigans.
533 5237 672 5301 cv'et
697 5258 790 5299 εχ·
829 5238 949 5296 cod.
981 5255 1163 5305 χχιιι,
1195 5237 1353 5306 male,
1382 5241 1562 5308 nobis,
1593 5239 1680 5298 hic

30 5345 91 5396 ei
111 5341 372 5457 inadd.
387 5436 405 5462 ,
428 5388 596 5451 male,
622 5387 666 5440 si
688 5393 855 5462 tamen
869 5383 1041 5448 homo,
1055 5379 1385 5438 correximus
1409 5396 1474 5439 ex
1494 5381 1673 5440 editis.

110 5476 136 5509 δ
179 5456 407 5534 Codd.,
444 5475 516 5516 cv
545 5467 598 5512 et
623 5472 690 5513 cx
718 5456 888 5534 male,
906 5469 1036 5534 quae.

114 5549 140 5580 ε
432 5547 508 5590 cv
528 5537 583 5585 et
601 5544 665 5584 cx
697 5524 846 5592 mali,
871 5524 1243 5594 indulgeretur.

113 5619 139 5651 ο
181 5616 268 5672 ιά,
281 5653 298 5679 ,
329 5603 662 5679 “ducimus.

114 5693 137 5724 τ
181 5667 308 5745 sic:
343 5674 520 5736 codd.
554 5685 618 5726 cv
648 5677 700 5726 et
717 5684 810 5735 cx;
836 5667 955 5725 cod.
981 5680 1141 5722 xxxix
1164 5667 1322 5737 male,
1357 5667 1614 5724 debemus.

117 5764 140 5792 "
182 5751 409 5815 Codd.,
444 5754 507 5800 ut
529 5758 660 5797 ores.

112 5835 139 5868 θ
180 5812 360 5893 cod.,
395 5812 574 5876 istm
601 5812 769 5882 male,
797 5827 981 5868 nonne.

1861 5169 1907 5203 ¹⁶
1943 5167 2046 5232 id.,
2078 5163 2267 5220 veniat.

1857 5242 1896 5272 “
1940 5230 2034 5295 Sic
2067 5235 2224 5292 codd.
2273 5247 2338 5289 cv
2385 5241 2441 5288 et
2482 5246 2600 5297 cx;
2658 5230 2778 5288 eod.
2811 5244 2993 5300 χχιιι,
3027 5235 3085 5286 ut
3130 5230 3312 5286 creteri
3346 5269 3364 5297 ,

1789 5312 2064 5367 dimittam.

1791 5437 1794 5440 .
1855 5385 1897 5415 "
1936 5381 2067 5438 Cod.
2100 5391 2233 5433 unus
2255 5375 2417 5443 mala,
2459 5372 2684 5428 dictavit.

1855 5454 1899 5486 ³⁸
1935 5451 2101 5507 Codd.
2126 5465 2191 5505 cv
2219 5456 2274 5504 et
2301 5462 2388 5515 cx,
2421 5445 2661 5500 inveniet.

1853 5525 1896 5556 "
1937 5523 2060 5591 lid.,
2085 5521 2152 5575 ad
2169 5530 2236 5574 te.

1845 5595 1889 5628 ¹⁵
1927 5586 2057 5649 Cod;
2087 5606 2272 5659 xxxrx,
2303 5589 2493 5652 dicam,
2518 5586 2680 5643 male.

1848 5666 1893 5698 ¹⁶
1932 5664 2025 5721 Sic
2056 5661 2214 5725 codd.
2256 5650 2321 5718 ev
2365 5667 2422 5718 et
2463 5650 2570 5726 ex;
2625 5660 2782 5714 deest
2823 5667 2930 5712 vox
2973 5650 3107 5711 dicis
3148 5653 3204 5711 in
3240 5652 3368 5718 eod.

1777 5751 1973 5798 XXXIX,
