4018 6490
565 338 700 396 1171

634 454 948 540 Ibid..Nam
968 456 1174 540 quando
1211 455 1315 540 ali-
1561 455 1677 540 Neu

561 527 828 598 quandoin
845 543 925 580 me
944 527 1168 596 cogitas;
1198 539 1316 594 quas
1385 527 1537 582 nimis
1567 527 1774 599 cogitas.

565 583 728 651 verba
775 597 826 651 in
878 605 998 650 nota
1045 595 1315 651 corriaere

565 609 728 652 verba
775 609 826 651 In
878 609 998 650 ncta
1045 611 1315 666 corrigere

560 667 780 723 student
801 666 1124 737 Benedictinl
1145 709 1159 733 ,
1190 681 1323 737 quos
1351 665 1572 724 vldesis.
1911 731 1920 734 η

632 737 780 812 ΠΜ.Δ
807 736 1022 792 Intende
1061 736 1230 808 facta,
1268 750 1316 793 et
1462 739 1536 794 Id.
1596 739 1808 796 Intende
1861 744 2136 812 facturam,

694 824 742 896 μ’,
755 807 1018 896 factorem;
1063 807 1085 896 "
1388 819 1432 864 et
1456 827 1624 896 quare
1653 807 1914 896 factorem.
2061 883 2074 896 .

634 877 928 964 IbitI..QtttB
984 877 1121 951 facta
1171 890 1308 950 sunt,
1395 959 1406 964 _
1444 877 1686 964 _Id.AQuie
1715 883 1848 964 facta
1889 893 2028 964 sunt,
2055 883 2139 938 in-

561 949 992 1038 conspic‘iuniurj'
1297 949 1302 950 “
1389 949 2021 1038 telIectatranspiciuntur.
2096 1025 2108 1038 ο

635 1019 698 1073 Ν.
744 1019 800 1073 4.
849 1020 954 1074 Sed
1013 1021 1318 1075 assiduitate
1458 1022 1534 1077 Id.
1595 1022 1698 1078 Sed
1735 1025 2038 1078 assiduitate
2062 1025 2138 1077 vi-

561 1088 830 1145 uiluerant.
1384 1093 1607 1149 luerunt.

637 1160 768 1216 Ibid.
803 1160 964 1230 Quam
991 1170 1045 1214 ut
1073 1170 1313 1218 nascatur

1458 1165 1532 1220 Id.
1594 1163 1760 1230 Quam
1808 1174 1861 1216 ut
1903 1175 2142 1220 nascatur

562 1228 732 1295 homo,
759 1228 1048 1296 moriendo,
1073 1243 1178 1288 etc.

1386 1235 1558 1299 homo,
1601 1235 1685 1302 qui
1725 1251 1824 1288 non
1861 1243 1990 1300 erat,
2025 1250 2139 1288 mo-

1385 1305 1580 1368 riendo,
1607 1313 1711 1357 etc.

635 1371 772 1444 Ibid.
803 1371 1028 1428 Panibus
1057 1374 1314 1444 saginesse
1458 1377 1531 1429 Id.
1574 1374 1799 1430 Panibus
1839 1375 2024 1431 satiare
2068 1383 2142 1430 tot

561 1448 635 1494 tot
663 1441 845 1498 millia.
1116 1441 1130 1444 ⁷
1384 1447 1564 1501 millia.

634 1511 766 1567 Ibid.
816 1511 845 1566 Ι
851 1531 896 1566 m
902 1510 1030 1583 pleri
1068 1515 1314 1586 segetibus
1459 1517 1531 1570 Id.
1553 1513 1768 1588 Impleri
1781 1515 2028 1586 segetibus
2043 1525 2142 1570 ter-

562 1589 742 1636 terras.
1383 1603 1512 1642 ram.

638 1652 768 1708 Ibid.
801 1655 926 1718 Quae
950 1673 1080 1723 aqua
1106 1665 1212 1709 erat
1241 1658 1314 1710 ui-

562 1737 684 1776 num
707 1727 900 1793 factum
918 1765 935 1790 ,
965 1729 1192 1780 uiderunt
1219 1726 1313 1781 ho-

565 1793 724 1847 mines
743 1804 792 1848 et
820 1796 1202 1860 obstupuerunt.

637 1863 764 1939 Ibid.
785 1865 932 1939 (Inde
953 1877 1024 1939 est
1040 1871 1187 1920 homo
1208 1868 1313 1939 ipse

558 1934 646 2002 qui
669 1937 909 1991 miratur?
921 1938 1004 1992 ubi
1019 1950 1127 1992 erat
1140 1941 1166 1994 .9
1177 1934 1313 1994 unde

559 2009 801 2075 processit
822 2010 847 2062 Ρ

639 2076 766 2131 Ibid.
808 2077 954 2131 Venit
983 2080 1071 2132 ille
1099 2081 1182 2134 cui
1209 2082 1318 2135 dic-

560 2153 666 2217 tum
688 2157 759 2200 est
777 2163 796 2202 :
821 2148 1014 2202 lnnova
1036 2153 1182 2217 signa
1200 2168 1218 2216 ;
1234 2153 1316 2206 cui

560 2213 749 2288 dictum
759 2228 830 2272 est
846 2233 865 2272 :
880 2213 1120 2288 Miriﬁea,
1138 2213 1241 2278 etc.

633 2285 763 2362 Ibid.
781 2285 1012 2356 (Equum
1033 2285 1192 2362 potest
1209 2309 1316 2350 esse

561 2358 697 2422 quod
726 2375 825 2412 non
858 2363 982 2416 vult.

632 2423 762 2504 Ibid.
786 2427 1080 2498 Hominem,
1101 2435 1188 2504 qui
1209 2443 1316 2491 erat

559 2493 615 2548 in
641 2496 772 2553 luce.

630 2565 693 2621 N.
726 2566 780 2624 5.
813 2571 918 2626 Sed
937 2589 1088 2641 quam
1111 2592 1314 2643 parvus.

1457 1659 1531 1712 Id.
1559 1659 1661 1725 Qui
1690 1675 1874 1728 aquam
1903 1657 2142 1711 uiderunt

1384 1729 1556 1783 vinum
1586 1733 1796 1800 factam,
1836 1730 2072 1784 viderunt
2092 1739 2141 1782 et

1385 1801 1767 1866 obstupuerunt.

1457 1871 1531 1926 Id.
1562 1870 1709 1924 Unde
1728 1881 1799 1923 est
1821 1871 1926 1942 ipse
1942 1871 2030 1942 qui
2046 1871 2143 1923 mi-

1386 1943 1578 1996 ratur?
1633 1943 1794 1996 videat
1843 1941 1978 1996 unde
2016 1955 2143 2013 pro-

1386 2013 1528 2068 cessit
1547 2013 1571 2067 ?

1463 2083 1538 2139 Id.
1576 2082 1722 2137 Venit
1751 2082 1838 2136 ille
1876 2082 1943 2136 ad
1993 2082 2144 2136 istum

1388 2155 1574 2217 locum,
1637 2156 1717 2207 cui
1783 2153 1973 2206 dictum.
2027 2161 2142 2206 est:

1390 2223 1614 2294 Miriﬁca
1633 2265 1647 2286 ,
1680 2235 1784 2278 ulc.

1457 2296 1531 2350 Id.
1565 2295 1793 2365 /Equum
1840 2302 1998 2359 potest
2035 2309 2144 2350 esse

1385 2368 1520 2438 quod
1551 2368 1637 2438 ille
1662 2383 1759 2419 non
1785 2366 1910 2421 vult.

1460 2437 1536 2492 Id.
1580 2436 1864 2504 Hominem,
1910 2435 1998 2506 qui
2040 2451 2143 2490 non

1389 2519 1496 2562 erat
1517 2511 1570 2561 in
1601 2511 1732 2564 luce.

1461 2581 1536 2634 Id.
1563 2579 1667 2635 Sed
1685 2595 1838 2648 quam
1858 2591 2043 2648 paruus
2063 2581 2144 2648 fd-

1377 2661 1530 2707 ceret.
1941 2668 1950 2678 ‘

631 2705 764 2786 Ibid.
802 2709 924 2786 Non
973 2723 1020 2767 te
1063 2714 1310 2786 deseruit,
1408 2705 1420 2707 ἡ
1458 2720 1536 2776 Id.
1569 2719 1752 2773 Erudit
1793 2721 1882 2785 qui
1924 2720 2139 2773 vocavit.

557 2777 644 2844 qui
677 2782 889 2834 uocauit.

630 2846 761 2904 Ibid.
793 2849 997 2907 Indicia
1017 2865 1134 2910 sunt
1160 2856 1314 2914 Crea-

557 2918 682 2974 toris
706 2919 819 2980 ipsa
837 2936 1070 2980 creatura
1082 2928 1107 2980 ?

631 2989 770 3066 Ibid.
787 2992 918 3048 Ecce
937 2999 1185 3066 nascitur,
1202 3018 1314 3056 ecce

559 3059 624 3112 de
650 3059 838 3128 femina
862 3069 1109 3134 procedit.

1456 2862 1532 2916 Id.
1581 2859 1783 2915 Indicia
1829 2869 1947 2915 sunt
1986 2857 2142 2914 Crea-

1387 2936 1508 2987 toris
1536 2933 1587 2984 in
1616 2933 1729 2999 ipsa
1758 2930 2034 2984 creatura?

1459 3003 1532 3058 Id.
1578 3001 1707 3054 Ecce
1744 3004 1985 3068 nascitur,
2029 3015 2141 3054 ecce

1384 3089 1572 3135 corpus
1629 3073 1864 3138 assumit,
1910 3086 2020 3125 ecce
2078 3073 2142 3125 de

1379 3146 1566 3216 femina
1583 3142 1830 3212 procedit.

1080 3256 1311 3316 SERMO
1346 3260 1608 3317 CXXXII.

630 3359 845 3432 Legitur
867 3366 918 3420 in
944 3367 1066 3424 cod.
1091 3371 1294 3426 Cassia.
1331 3387 1423 3432 vn,
1457 3370 1546 3426 fol.
1579 3367 1706 3433 522,
1749 3365 1837 3422 ubi
1859 3365 1924 3421 Ν.
1952 3366 2008 3436 2,
2033 3365 2136 3421 bo~

559 3466 675 3508 rum
695 3453 974 3513 verborum
998 3460 1146 3529 loco,
1170 3463 1411 3532 Refrenat
1433 3463 1733 3532 inﬁrmioris
1758 3477 1904 3516 sexus
1931 3463 2138 3531 ipsave-

559 3545 832 3612 recundia,
867 3550 1149 3618 scribitur,
1184 3554 1424 3624 Refrenat
1449 3555 1780 3624 inﬁrmiorem
1813 3568 1988 3608 sextun
2024 3556 2138 3625 ipsa

554 3642 870 3694 uerecundia.

1057 3732 1288 3789 SEBMO
1322 3735 1634 3792 CXXXVII.

630 3842 842 3911 Legitur
872 3843 924 3897 in
951 3844 1074 3900 cod.
1096 3847 1306 3904 Cassin.
1336 3863 1432 3914 vn,
1455 3849 1547 3903 fol.
1572 3847 1694 3902 528.

625 3929 764 3986 Edit.
798 3932 860 3986 N.
897 3935 946 3987 I.
973 3933 1105 3988 Dum
1134 3947 1301 3992 tamen
1447 3937 1580 3992 Cod.
1635 3937 1768 3991 Dum
1814 3948 1981 3990 tamen
2031 3953 2133 3991 non

551 4018 650 4079 non
668 4003 826 4058 nimia
848 4004 1102 4076 impietate
1123 4009 1303 4076 prteci-
1377 4010 1534 4062 nimia
1593 4009 1886 4078 infirmitate
1948 4009 2131 4077 prteci-

552 4071 754 4127 dantur.
919 4071 928 4076 ⁷
1123 4071 1133 4076 ⁷
1377 4080 1580 4132 dantur.
1647 4071 1657 4078 ’
1948 4071 1957 4077 ’

555 4211 568 4226 ⁸
621 4143 683 4196 Ν.
792 4140 898 4198 Iste
916 4145 1112 4226 dicebat
1137 4164 1190 4226 s_e
1210 4147 1303 4226 hac
1384 4219 1396 4226 _
1448 4149 1522 4226 Id.
1583 4147 1790 4226 Dicebat
1839 4146 2026 4202 Petrus
2081 4164 2134 4201 se

551 4211 662 4266 bere
686 4215 836 4279 uires,
879 4220 961 4284 qui
1007 4233 1110 4273 non
1151 4218 1304 4273 habe-
1374 4219 1560 4275 liabere
1607 4221 1768 4285 vires,
1827 4235 1953 4288 quas
2029 4234 2131 4272 non

550 4281 652 4337 bat.
1375 4291 1608 4347 habebat.

1052 4399 1287 4458 δειλΜο
1323 4401 1613 4457 CXXXIX.

622 4503 839 4572 Legitur
861 4507 912 4561 in
943 4507 1079 4564 Cod.
1106 4509 1315 4564 Cassin.
1345 4524 1440 4576 vn,
1469 4510 1562 4566 fol.
1590 4509 1709 4571 144.
1738 4508 1826 4564 ubi
1847 4512 1983 4563 hanc
2007 4521 2128 4563 cor-

2163 3205 2214 3269 C

1515 333 1894 394 SERMONUM
1930 334 2382 393 GENUINORUII
2423 337 2484 393 S.
2524 333 2894 393 AUGUS‘I‘INI

1458 453 1536 528 Id.
1561 455 1702 512 Nam
1717 459 1921 528 quando
1942 458 2150 513 aliunde
2175 458 2223 513 Α
2326 452 2471 528 Edit.
2530 451 2598 509 Ν.
2649 455 2703 510 Ι.
2757 452 3010 528 omnium

2252 523 2600 595 apostolorum
2619 525 2937 580 meministis.

2317 662 2454 718 Ibid.
2507 661 2645 718 Dicit
2673 677 2842 721 autem
2878 681 3004 734 apo-

2243 735 2433 806 stolus,
2452 738 2712 806 quoniam,
2756 746 2860 791 etc.

2317 805 2382 860 Ν.
2415 805 2472 861 2.
2511 805 2666 877 Modo
2704 807 2868 877 quid?
2912 805 3006 864 Ιη-

2247 885 2467 945 terroga!
2489 894 2602 929 eum
2627 875 2898 932 Dominus.

2319 946 2450 1001 Ibid.
2485 945 2553 1000 Et
2579 948 2704 1001 dicit
2727 949 2790 1002 ei.

2318 1015 2450 1071 Ibid.
2509 1017 2790 1087 Respondit
2841 1019 2930 1075 ille
2983 1037 3004 1076 .'

2245 1083 2442 1156 Etiam,
2483 1083 2722 1144 Domine.

2319 1155 2448 1212 Ibid.
2493 1159 2557 1211 Et
2605 1161 2787 1213 iterum
2824 1155 3003 1216 Domi-

2245 1241 2358 1300 nus
2402 1230 2496 1282 hoc
2541 1230 2900 1300 interrogavit,
2955 1241 3004 1287 et

2245 1299 2392 1351 tertio
2415 1301 2530 1354 hoc.

2320 1369 2451 1424 Ibid.
2508 1370 2610 1436 Qui
2676 1371 2836 1427 sciant
2887 1389 3000 1430 om

2251 1437 2442 1494 Christi
2469 1457 2693 1506 pascere.

2283 1511 2380 1590 .N.
2413 1507 2464 1564 5.
2496 1507 2652 1564 Feret
2680 1528 2779 1580 quo
2813 1522 2867 1565 tu
2899 1529 3002 1568 non

2243 1595 2342 1635 ωε.

2318 1651 2453 1706 Ibid.
2482 1649 2592 1706 Pro
2610 1651 2815 1709 Christo
2836 1655 3003 1722 fuerat

2244 1721 2640 1792 Cruriﬁgeudus.

2321 1791 2450 1846 Ibid.
2474 1791 2672 1847 Timere
2687 1810 2786 1847 non
2807 1794 2999 1851 debuit.

2171 1828 2219 1890 Β
2259 1828 2778 1930 νεᾙῖἁίὧῖὗὶῖὲὶὲ

3717 347 3828 401 Il?!

3148 453 3830 530 eodem”

3079 524 3288 609 lorum”
3301 530 3498 609 fratres
3537 524 3832 599 ἀπίασί-ἠ,

3076 602 3404 653 meministis.

3146 667 3243 742 Iid.
3282 667 3502 722 Dictum
3539 680 3618 724 est
3658 683 3833 742 ητα,

3074 739 3344 807 quoniam,
3367 751 3476 796 etc.

3151 809 3243 864 Iid.
3279 809 3445 865 Hodo
3475 813 3604 880 quid
3629 813 3836 872 interro-

3077 887 3178 948 gat,
3200 895 3315 934 eum
3349 881 3608 935 Dominus
3629 886 3655 936 Γ

3148 947 3282 1004 Cod.
3312 966 3382 1006 cx
3394 967 3512 1006 un.
3547 951 3688 1006 Dicit
3712 957 3772 1008 ei.

3147 1021 3639 1092 “cauimus:
3661 1027 3708 1077 ei
3727 1026 3836 1081 ille:

3076 1088 3272 1157 Etiam,
3309 1088 3559 1148 Domine.

3146 1161 3243 1215 Iid.
3263 1161 3293 1215 Ι
3298 1176 3488 1226 terum,
3513 1175 3560 1216 ct
3580 1166 3727 1217 tertio
3748 1165 3837 1220 Do-

3073 1231 3241 1287 minus
3261 1234 3360 1288 hoc
3381 1235 3742 1307 interrogauit.

3144 1373 3242 1429 Iid.
3296 1375 3436 1440 Quia
3491 1375 3688 1430 sciebat
3738 1395 3836 1434 esss

3073 1442 3266 1499 Christi
3296 1463 3536 1501 nascere.

3072 1515 3242 1638 l“Iid.
3287 1515 3458 1572 Ducet
3501 1533 3611 1588 quo
3662 1526 3717 1572 tu
3747 1535 3832 1573 usu

3119 1601 3164 1640 s.

3147 1625 3244 1710 Iid.
3303 1654 3416 1712 Pro
3480 1656 3697 1713 Christo
3743 1671 3832 1713 ιηι

3077 1727 3486 1797 cruciﬁgendus.

3145 1786 3242 1868 Iid..
3263 1786 3484 1853 Timere
3533 1817 3641 1854 non
3663 1801 3829 1868 debuit,

3077 1867 3195 1937 quia
3220 1869 3442 1937 videbat,
3474 1879 3586 1926 etc.

2807 1973 3034 2035 SERMO
3077 1977 3254 2036 CLIV.

2321 2088 2538 2160 Legitur
2564 2088 2616 2146 in
2645 2091 2766 2147 cod.
2797 2092 3003 2150 Cassia.
3039 2109 3076 2148 II
3102 2136 3118 2162 ,
3151 2095 3244 2151 fol.
3281 2095 3410 2162 I60.
3445 2097 3544 2153 ubi
3575 2114 3633 2153 ιι.
3666 2098 3722 2164 7,
3752 2113 3829 2168 pro

2251 2179 2332 2238 his
2361 2180 2561 2250 verbis,
2583 2183 2704 2253 quia
2720 2185 2948 2239 nondum
2978 2198 3124 2242 erant
3142 2188 3195 2242 in
3228 2191 3578 2260 perfectione,
3603 2190 3827 2256 habetur,

2247 2271 2369 2342 quia
2416 2273 2644 2326 nondum
2688 2282 2831 2330 eram
2869 2277 3057 2341 securi,
3115 2279 3344 2332 nondum
3383 2291 3540 2334 eram
3585 2282 3643 2335 in
3682 2289 3827 2351 perfe-

2246 2367 2430 2422 ctione.

2825 2466 3056 2526 SERIO
3090 2467 3245 2527 CLV.

2317 2575 2534 2647 Leg’tur
2577 2577 2630 2632 in
2674 2577 2799 2632 cod.
2827 2578 3036 2634 Csssin.
3063 2593 3132 2644 II,
3161 2580 3254 2634 fol.
3293 2580 3441 2648 I52,
3474 2584 3571 2639 ubi
3617 2597 3819 2644 sunt:

2246 2671 2466 2726 evidens
2495 2669 2744 2727 editionis
2773 2671 3128 2728 Benedictina:
3169 2674 3453 2730 mendum.
3491 2677 3571 2733 Ibi
3601 2680 3738 2735 enim
3766 2698 3811 2735 ι.

2244 2762 2279 2816 ι
2311 2761 2531 2816 habetur
2556 2779 2569 2816 :
2601 2760 2710 2816 Lee
2733 2764 2870 2817 enim
2895 2764 3069 2819 mortis
3097 2780 3196 2819 non
3228 2767 3341 2836 ipsa
3362 2767 3586 2835 dicitur,
3618 2771 3701 2825 le:
3724 2788 3818 2842 ρα-

2243 2851 2345 2908 cati
2373 2861 2423 2905 et
2464 2854 2642 2908 mortis
2671 2870 2775 2909 non
2820 2854 2914 2908 illa
2957 2857 3040 2911 les
3084 2857 3277 2910 dicitur
3319 2874 3444 2923 qua
3485 2862 3616 2914 data
3666 2873 3733 2917 est
3767 2867 3814 2916 iu

2246 2951 2415 2997 monte
2439 2943 2600 3009 Sina;
2627 2943 2713 3000 hic
2736 2954 2881 3001 certe
2907 2946 3055 3001 adest
3082 2948 3275 3003 vitiosa
3304 2951 3530 3007 iteratio
3549 2968 3668 3022 qua:
3695 2955 3814 3009 tolli-

2245 3044 2334 3092 tur
2362 3037 2416 3091 in
2447 3037 2650 3103 codice,
2678 3037 2732 3092 In
2760 3052 2869 3108 quo
2895 3040 3155 3108 scriptum
3186 3052 3308 3097 est:
3346 3042 3458 3099 Leu
3487 3046 3627 3099 enim
3658 3050 3812 3102 mis

2245 3144 2348 3182 non
2373 3129 2486 3198 ipsa
2515 3131 2728 3198 dicitur,
2753 3146 2868 3202 qua:
2895 3131 3019 3185 data
3043 3143 3115 3188 est
3143 3135 3196 3187 in
3225 3145 3403 3190 monte
3433 3137 3594 3193 Sina.

2756 3265 2988 3323 SERMO
3024 3268 3302 3326 CLXVIII.

2312 3395 2526 3467 Legitur
2552 3397 2604 3454 in
2626 3397 2834 3458 duobus
2857 3400 3016 3456 codd.
3041 3401 3303 3467 Florent..
3327 3419 3530 3476 nempe
3560 3409 3696 3465 Bibl.
3719 3410 3811 3464 Is-

2237 3489 2360 3559 gell.
2398 3490 2518 3546 cod.
2548 3506 2630 3557 ιι.
2662 3490 2757 3547 fol.
2783 3492 2848 3546 37
2878 3493 2929 3561 b,
2965 3503 3018 3550 et
3058 3493 3193 3550 Bibl.
3233 3495 3426 3554 Fesul.
3458 3499 3590 3556 eod.
3622 3516 3703 3565 xl.
3731 3502 3808 3556 Id.

2237 3578 2364 3636 257.

2312 3691 2453 3746 Edil.
2479 3707 2535 3746 ll.
2564 3695 2613 3747 I.
2639 3693 2982 3762 Lectionibus,

2237 3763 2446 3816 canticis
2466 3802 2482 3831 ,
2539 3766 2952 3834 sermonibusque
2964 3808 2977 3832 ,

2237 3842 2341 3889 etc.

3127 3695 3299 3753 Codd.
3326 3697 3651 3756 Secundum.
3685 3702 3810 3758 Vatis

3055 3768 3316 3825 electionis
3351 3773 3722 3842 confessione-
3743 3787 3810 3828 st-

3066 3856 3162 3912 que
3206 3842 3542 3909 doctrinam,
3595 3847 3810 3912 quam

3065 3910 3190 3977 ﬁdes
3219 3912 3595 3969 misericordia
3608 3910 3616 3912 ’
3627 3914 3716 3969 Dei
3735 3917 3812 3970 do-

2236 3988 2360 4045 num
2383 3984 2487 4040 est,
2511 3975 2828 4039 lectionibus,
2853 3975 3080 4045 canticis,
3105 3991 3207 4035 etc.

2307 4043 2366 4098 Ν.
2389 4045 2455 4117 5.
2483 4045 2624 4117 Nam
2651 4049 2697 4104 si
2742 4047 2990 4117 gloriatus

2235 4115 2589 4200 est‘Abraham
2606 4158 2621 4184 ,
2648 4135 2710 4173 ea:
2743 4115 2849 4188 ﬁde
2877 4122 2990 4191 glo-

2233 4195 2393 4240 riatus
2421 4196 2512 4241 est.

2303 4257 2435 4312 Ibid.
2457 4257 2860 4313 Misericordiam
2875 4275 2992 4316 con-

2233 4337 2432 4383 secutus
2452 4341 2584 4384 sum.
2611 4329 2656 4382 0
2684 4332 2956 4402 confessio!

2304 4467 2366 4523 Ν.
2405 4467 2459 4524 4.
2503 4469 2830 4543 Spectemus,
2875 4475 2986 4546 fra-

2234 4547 2353 4601 tres,
2386 4557 2534 4617 eum;
2562 4560 2830 4617 ‘magnum
2875 4560 2991 4616 spe-

553 4597 839 4652 rectionem
870 4601 1188 4667 reperimus.
1218 4603 1546 4657 Benedictini
1577 4620 1632 4658 n.
1657 4601 1692 4656 ὅ
1718 4604 1852 4656 hanc
1880 4603 2129 4660 dimidia-
2153 4592 2204 4656 Ι)
2229 4592 2503 4666 animum,

551 4701 657 4746 tam
689 4695 1013 4755 sententiam
1040 4693 1237 4750 habent
1270 4712 1284 4750 :
1315 4693 1484 4750 Homo
1525 4697 1748 4767 sapiens,
1774 4697 1827 4750 in
1849 4698 2130 4752 wternitate

547 4793 776 4855 tempora
799 4786 1044 4856 inquiris;
1067 4785 1152 4842 ubi
1179 4804 1282 4842 non
1307 4797 1427 4843 sunt
1447 4800 1699 4860 tempora.
1721 4791 1902 4861 quieris
1923 4798 2128 4854 tetates;

549 4877 714 4932 codex
748 4889 924 4940 autem
955 4882 1157 4951 optime
1189 4882 1317 4937 dicit
1348 4899 1363 4937 :
1396 4881 1568 4938 Homo
1593 4885 1821 4951 sapiens,
1848 4885 1899 4937 in
1928 4883 2130 4938 eterni-

547 4978 649 5024 tate
690 4979 916 5040 tempora
959 4973 1166 5041 quteris,
1215 4972 1299 5026 ubi
1340 4989 1440 5028 non
1478 4981 1596 5027 sunt
1643 4982 1903 5044 tempora;
1940 4973 2128 5044 quieris

544 5069 738 5128 tetates,
767 5063 851 5115 ubi
879 5079 979 5117 non
1005 5072 1120 5117 sunt
1147 5071 1340 5117 aetates.

1097 5173 1332 5230 SERMO
1367 5173 1572 5230 C-XLII.

614 5285 830 5356 Legitur
873 5287 923 5338 in
965 5284 1099 5356 Cod.
1144 5285 1352 5341 Cassio.
1385 5304 1478 5356 vn,
1511 5287 1604 5344 fol.
1638 5288 1760 5356 156,
1801 5290 1890 5344 ubi
1922 5292 2122 5349 confir-

543 5355 716 5412 matur
743 5356 956 5410 varians
985 5355 1144 5410 lectio
1169 5371 1286 5424 qua:
1313 5358 1364 5413 in
1396 5355 2001 5417 Benedictinueditione
2029 5364 2123 5417 ad-

542 5428 750 5482 ducitur
787 5427 868 5480 his
893 5443 962 5498 _n.
997 5425 1028 5477 5
1059 5427 1260 5498 verbis,
1312 5425 1450 5498 Ergo
1495 5429 1821 5498 detnmescat,
1875 5433 2121 5490 addendo

542 5507 726 5568 postea
753 5498 852 5554 tria
891 5496 1004 5551 haec
1030 5497 1279 5562 verba,si
1299 5496 1443 5569 cupis
1470 5501 1684 5570 ingredi.

1070 5607 1298 5666 SEBMO
1336 5609 1586 5668 CXLVII.

611 5717 892 5789 Legiturln
905 5720 1025 5776 cod.
1043 5721 1279 5778 Florent.
1297 5737 1514 5792 coxun,
1537 5723 1869 5794 Bibl.1Edll.,
1884 5725 1976 5786 fol.
1993 5729 2118 5796 299,

542 5820 598 5867 et
630 5811 759 5865 Bibl.
789 5813 1022 5882 Mugell.,
1051 5815 1172 5870 cod.
1199 5831 1308 5882 xw,
1341 5816 1433 5872 fol.
1459 5817 1581 5874 Ill.

2305 4684 2437 4740 Ibid.
2467 4683 2588 4754 Erat
2617 4685 2872 4754 inﬁdelis;
2902 4704 2992 4754 pa-

2231 4770 2344 4808 rum
2365 4765 2456 4809 est.
2482 4753 2642 4823 Erat,
2668 4753 2772 4812 etc.

2303 4894 2366 4948 Ν.
2417 4896 2469 4951 5.
2523 4896 2686 4952 Orare
2739 4899 2841 4967 ﬁde
2886 4913 2989 4952 non

2235 4968 2468 5050 possetis,
2496 4969 2596 5023 nisi
2636 4969 2790 5035 ﬁdem
2837 4970 2991 5025 habe-

2231 5048 2436 5162 mIIiid.
2485 5109 2754 5174 Quomodo
2801 5109 2988 5178 praedi-

2229 5179 2443 5243 cabunt,
2473 5181 2516 5232 si
2560 5195 2660 5232 non
2701 5179 2984 5234 mittantur.

2301 5247 2435 5320 Ibid.
2461 5247 2527 5303 Et
2549 5249 2706 5304 addat
2725 5249 2856 5305 bona
2873 5266 2990 5320 qua

2227 5336 2326 5372 non
2357 5318 2620 5374 habemus.

2300 5457 2432 5515 Ibid.
2461 5460 2487 5514 Ι
2496 5459 2706 5514 nvenisti
2731 5459 2867 5514 unde
2889 5461 2984 5515 da-

2229 5545 2309 5584 res
2325 5531 2350 5582 Ρ
2383 5530 2548 5584 Homo
2573 5532 2825 5594 mendice;
2851 5533 2984 5587 unde

2233 5602 2488 5674 habuisti?
2527 5602 2663 5674 Ergo
2712 5603 2846 5674 unde
2890 5602 2984 5655 da-

2230 5688 2308 5726 res
2337 5673 2529 5742 aliquid
2555 5673 2819 5742 habuisti?

2303 5743 2364 5795 Ν.
2395 5741 2447 5795 6.
2479 5741 2593 5796 Una
2616 5761 2729 5798 voce
2751 5741 2906 5798 elisus
2935 5751 2983 5796 et

2230 5815 2455 5878 levatus;
2482 5813 2655 5881 elisus,
2679 5823 2782 5869 etc.

3134 4045 3226 4126 Iid.
3251 4051 3376 4108 Non
3396 4055 3472 4108 sic
3491 4057 3734 4126 glor'mus
3751 4065 3814 4112 at

3061 4122 3351 4190 Abraham;
3375 4141 3440 4180 ex
3458 4122 3567 4191 ﬁde
3587 4129 3814 4200 gloriatus

3063 4201 3230 4318 miid.
3263 4263 3680 4322 Misericordiae!
3705 4286 3813 4322 cen-

3059 4344 3266 4389 secutus
3285 4353 3400 4390 sum
3417 4377 3434 4402 ,
3470 4349 3530 4392 ut
3559 4341 3724 4406 ﬁdelis
3748 4356 3814 4392 ss-

3067 4423 3191 4478 seng.
3223 4411 3268 4478 ρ
3293 4411 3588 4478 confessio!

3133 4476 3266 4548 Cod.
3320 4476 3544 4546 blugell.
3615 4480 3812 4548 Sperte-

3063 4563 3194 4606 mus.
3219 4546 3426 4622 fratres,
3453 4546 3696 4622 magnum
3722 4567 3812 4618 spe-

3064 4619 3340 4672 ctaculum.
3546 4619 3557 4622 ’

3135 4688 3305 4742 Codd.
3359 4687 3489 4744 Erat
3563 4693 3811 4760 inﬁdelis;

3057 4775 3242 4831 parum
3283 4769 3357 4814 est
3398 4761 3648 4830 inﬁdelis.
3673 4762 3809 4828 Erat,

3066 4839 3224 4973 eliid.
3264 4899 3433 4973 Orare
3458 4902 3566 4967 ﬁde
3602 4920 3701 4958 non
3724 4921 3806 4973 po-

3062 4970 3222 5034 testis.
3255 4971 3352 5026 nisi
3382 4972 3546 5039 ﬁdem
3573 4970 3803 5030 habeatis.

3133 5110 3228 5165 Iid.
3261 5111 3534 5178 Quomodo
3576 5118 3809 5180 pra-dica-

3062 5181 3218 5246 bunt,
3239 5183 3338 5236 nisi
3363 5185 3656 5239 mittantur.

3132 5251 3231 5323 Iid.
3255 5251 3321 5323 Et
3341 5254 3535 5310 addere
3557 5256 3692 5310 bona
3707 5271 3808 5323 qua

3059 5339 3162 5376 non
3208 5321 3470 5377 habemus.
3523 5325 3656 5381 Vide
3701 5321 3802 5382 rat.

3056 5392 3224 5449 Mulir.

3110 5409 3224 5448 :Illl‘.

3129 5461 3225 5520 Iid.
3255 5464 3509 5522 Inuenisti
3550 5468 3684 5522 unde
3721 5469 3807 5519 da-

3059 5535 3175 5589 res?
3206 5533 3376 5590 Homo
3427 5539 3674 5598 mendice.
3724 5543 3806 5589 ha-

3057 5604 3210 5675 buisti
3261 5623 3380 5675 ergo
3433 5609 3572 5661 unde
3625 5608 3805 5662 dares?

3055 5673 3252 5746 aliquid
3267 5673 3495 5746 habuisti
3507 5680 3533 5730 Ρ

3127 5745 3226 5798 Iid.
3263 5745 3378 5802 Una
3423 5763 3542 5802 uoce
3584 5749 3802 5804 elisuset

3055 5816 3248 5875 leuatus
3273 5827 3381 5885 est;
3405 5819 3584 5888 elisus,
3610 5831 3711 5875 etc.

3625 6473 3906 6490 ἢ..ήή
