1943 3227
72 165 126 195 “73

99 231 152 261 Ibid.
163 230 282 265 Deposita
290 229 376 256 tunica
383 236 425 255 ss-

72 270 121 302 teri,
132 267 234 304 peccatis
246 272 372 302 pannosa.

644 155 839 187 LECTIONES

858 153 1066 183 VABIANTES.

1608 150 1677 179 H74

495 224 564 254 Cod.
591 224 681 253 Fesul.
715 224 838 258 Deposita
852 224 879 255 Α
890 223 967 249 dubio
978 226 1000 249 et
1015 222 1068 258 ipse
1082 221 1103 247 si
1117 219 1269 258 perdidisset
1276 239 1282 250 ,
1295 217 1341 258 hoc
1352 217 1399 246 sibi
1408 218 1440 246 de
1448 218 1499 246 alia
1505 217 1678 258 ﬁeriyoluis-

891 264 944 291 set,
961 257 1100 285 secundum
1121 255 1188 282 illud
1203 255 1269 287 quod
1288 255 1412 291 scriptum
1431 259 1488 281 est:
1501 255 1678 291 Omniaquae-

890 289 997 328 cumque
1009 292 1086 319 vultis
1100 296 1128 328 ut
1143 292 1237 326 faciant
1253 289 1321 317 vobis
1336 290 1460 322 homines,
1476 295 1500 316 et
1512 297 1556 317 vos
1567 289 1620 317 illis
1635 291 1677 326 fa-

462 262 549 289 tunica
563 261 650 288 veteris
665 261 760 296 peccati
775 268 837 295 pan-

464 305 537 324 ποια.

296 354 411 385 εειιιιο
425 352 586 382 CLXXVIII.

2 402 3 405 η
49 395 53 406 1

48 411 55 431 ί
101 417 142 445 Hie
154 422 241 444 sermo
262 413 394 448 reperitur
410 411 436 448 in
455 410 516 448 cod.
530 409 606 436 Cass.
626 408 781 448 xt_.__tol.__II
792 429 799 442 ,
810 412 841 448 _si

71 461 83 481 a
96 462 119 481 n.
131 452 145 479 'I
160 452 185 478 in
198 444 302 477 duobus
318 445 492 478 Florentinis,
508 452 622 481 nemque
647 444 716 481 Bibl.
734 444 839 481 MugeII.

71 478 174 518 Edidi.
195 485 241 513 fol.
256 485 300 518 51,
317 489 342 511 et
365 482 390 518 in
416 481 483 509 Bibl.
510 479 776 518 It‘esulan.___cod._xt,
795 478 840 518 to].

69 514 115 552 ibi)
127 523 148 550 b.
165 514 362 549 i’uIcItcrrimns
378 517 421 544 hic
432 523 521 543 sermo
536 515 570 542 ita
586 514 711 552 scribitur
725 516 752 552 in
768 515 842 552 cndi-

70 549 135 588 Eibns
149 556 316 587 Florentinis.
332 559 359 581 ut
375 553 402 580 in
417 560 451 579 eo
471 552 568 588 citetur
590 550 702 588 ipsemet
717 549 843 588 Augusti:

70 585 173 627 item
188 598 276 619 tamen
285 585 365 627 rcerte
392 586 548 614 tribuendus
564 590 620 627 est;
638 586 706 627 unde
720 585 844 626 concludi

71 619 147 665 iiiési
168 626 309 665 aliquando
331 630 489 665 sermonem
500 629 580 661 posse
604 622 720 665 legitime
743 619 844 665 auctori

69 656 139 694 iribul
149 685 155 694 .
171 656 231 690 licet
246 662 303 695 ipse
316 664 410 687 auctor
429 657 526 685 citetur
538 656 564 684 in
580 664 675 695 opere;
693 656 741 684 hoc
754 658 843 695 autem

68 691 198 735 uquuando
213 691 271 725 ﬁeri
295 696 382 732 potuit.
395 695 567 720 smanuensis
587 692 689 720 incuria
705 698 751 719 aut
766 691 844 726 Igno-

68 737 155 765 rantis.

100 781 166 809 Edit.
179 788 205 807 ιι.
219 779 248 806 2.
266 778 314 806 Ubi
328 779 431 810 poneret

67 816 221 848 consulebat,
236 822 286 841 non
302 813 333 840 de
346 812 433 847 cujus-

67 861 135 888 quam
149 851 222 888 vicini
232 850 310 888 agris.

99 888 160 915 Ibid.
191 884 266 919 Quod
297 884 433 911 relicturus

65 923 108 950 ss.’
120 922 185 949 Eccs
195 922 340 955 increpatus
351 923 396 947 est.

98 1029 128 1056 N.
154 1028 180 1055 5.
213 1025 345 1061 Numquid
370 1025 436 1052 enim

66 1061 131 1091 Deus
157 1063 240 1090 stultis
267 1062 376 1088 daturus
400 1067 436 1088 est

63 1107 168 1135 regnum
182 1098 323 1126 calorum?
339 1096 436 1130 Quibus

64 1140 157 1167 autem,
170 1139 222 1162 etc.

100 1239 164 1267 Ibid.
180 1238 311 1275 Conjicers
332 1237 381 1265 Itoc
400 1238 438 1265 ui-

64 1275 173 1302 demur:
186 1279 272 1310 aperte
293 1275 341 1301 hoc
357 1275 439 1302 mani-

63 1311 173 1346 festeqne
187 1309 325 1337 videamus.

99 1415 168 1443 Ibid.
198 1416 273 1449 Quod
302 1415 437 1442 immiseri-

61 1459 122 1514 εἶξε
136 1456 200 1478 erat.
213 1450 345 1485 Numquid
358 1451 439 1483 enim,

58 1494 76 1515 θ
108 1504 116 1513 .

96 1591 132 1619 Ν.
156 1591 184 1618 5.
208 1589 310 1626 Cogitas
333 1589 445 1626 spoliare

56 1634 196 1664 paganum
206 1647 213 1660 ,
229 1624 253 1652 ei
265 1625 352 1653 vestire
367 1624 443 1652 Chri-

55 1663 192 1690 stiatmm.

96 1698 133 1726 Ν.
158 1697 186 1723 7.
215 1695 322 1723 Beatum
358 1699 446 1723 sancta

58 1734 204 1768 Scriptura
227 1732 305 1765 dicit,
324 1732 370 1767 qui
390 1736 447 1765 post

56 1777 159 1797 aurum
166 1787 174 1801 ,
191 1772 242 1795 etc.

100 1838 174 1866 Ibid.
199 1837 234 1864 Et
248 1845 298 1864 non
320 1837 389 1871 fecit.
411 1836 449 1863 Tu

57 1879 157 1902 autem
189 1873 252 1899 dicis
274 1880 284 1900 :
309 1872 449 1905 Nunquam

58 1909 160 1945 negavi
175 1917 227 1935 rem
239 1909 363 1945 alienam.
381 1908 448 1940 Quia

57 1944 135 1982 forte
162 1952 233 1971 nemo
253 1944 297 1970 tibi
320 1951 448 1970 commen—

57 1982 159 2012 davit;
175 1984 218 2005 aut
234 1982 301 2013 forte
321 1986 448 2005 commen-

57 2017 151 2048 davit,
163 2014 208 2041 sed
217 2014 261 2041 sub
272 2014 375 2040 testibus
385 2022 451 2040 com-

57 2047 211 2079 mendavit.
222 2049 271 2076 Dic
283 2049 352 2082 mihi,
365 2047 450 2076 reddi-

56 2087 129 2115 disti
137 2107 146 2119 ,
165 2090 219 2113 etc.

503 773 570 801 Cod.
586 773 662 801 Cass.
679 772 729 800 Ubi
743 776 845 806 poneret

468 809 594 845 cogitabat
603 829 612 840 ,
626 809 690 835 nulli
703 809 846 835 violentiam

469 844 561 881 pscere,
575 852 625 871 non
640 844 682 875 de,
693 848 746 881 etc.

506 880 543 906 Id.
562 880 635 912 Quod
649 880 784 906 relicturus
801 879 846 906 es?

470 910 623 943 Pra'cedant
633 923 700 955 ergo
704 915 786 955 magis
796 923 846 949 quo
861 910 886 941 Β

471 956 603 978 secuturus
624 959 659 977 es.
676 949 754 977 Ecce’
766 951 848 978 inare-

472 992 547 1022 patus
562 991 607 1022 est.

508 1022 545 1049 Id.
560 1021 692 1055 Numquid
702 1021 768 1047 enim
781 1019 848 1048 Deus

471 1058 556 1086 stultis
569 1058 674 1084 daturus
690 1061 726 1083 est
743 1064 849 1091 regnum

472 1093 611 1120 caelorum?
622 1092 736 1118 Probant
744 1092 790 1118 hoc
799 1094 850 1119 illa:

472 1129 580 1162 quinque
590 1128 698 1162 virgines
708 1135 765 1162 quae
779 1132 850 1154 extra

469 1165 577 1199 januam
599 1163 716 1198 leguntur
729 1162 849 1189 exclusa'.

475 1198 573 1232 Quibus
585 1202 687 1231 autem,
702 1202 754 1225 etc.

509 1234 575 1262 Cod.
611 1234 687 1260 Cass.
722 1232 852 1268 Conjicere

476 1270 521 1297 hoc
537 1270 651 1296 videmur
666 1276 675 1295 .'
692 1268 853 1295 considerare

475 1310 559 1332 autem
580 1304 699 1331 attentius
722 1303 851 1337 debemus,

475 1346 502 1368 ut
515 1341 562 1367 hoc
575 1340 687 1375 apertius
699 1338 782 1365 videre
794 1347 853 1374 pos-

474 1377 564 1404 simus.

511 1412 549 1438 Id.
576 1409 652 1444 Quod
674 1409 853 1436 immisericors

476 1452 543 1478 erat,
560 1454 611 1473 non
630 1445 689 1479 quia
710 1445 793 1472 aliena
811 1452 854 1471 ra-

477 1484 546 1516 puit,
563 1481 607 1508 sed
622 1481 682 1514 quia
695 1480 854 1516 deﬂpropriis

478 1515 582 1552 erogare
604 1515 695 1542 noluit.
721 1515 854 1549 Numquid

478 1552 558 1583 enim,
571 1554 623 1577 etc.

517 1586 554 1614 Id.
567 1585 668 1620 Cogitas
682 1584 792 1619 spoliare
807 1584 856 1610 Im-

481 1622 586 1649 reticum
594 1619 631 1647 uel
639 1619 770 1653 Iudicum,
777 1623 800 1645 et
806 1626 856 1646 non

480 1658 570 1685 vestire
583 1655 767 1682 Christianum.

516 1691 603 1720 Codd.
616 1690 734 1718 Floreat.
745 1689 777 1716 In
789 1689 859 1716 Scri-

483 1729 566 1763 pturis
576 1727 669 1763 divinis
680 1725 797 1763 legimus,
806 1725 861 1763 fra-

484 1760 532 1791 lrss
546 1761 687 1789 cltarissitni
696 1781 703 1793 ,
720 1761 787 1794 quod
802 1760 861 1786 bea-

483 1804 523 1826 tus
532 1799 563 1826 sit
574 1797 616 1830 qui
629 1801 683 1831 post
694 1800 858 1831 aurum,elc.

510 1834 560 1861 Iid.
569 1829 602 1860 Et
609 1829 733 1865 nonfecit.
743 1829 860 1862 Fratres,

484 1870 668 1904 interrogemus
682 1903 685 1904 ν
696 1866 862 1904 conscientias

485 1901 596 1935 nostras,
608 1908 631 1930 et
645 1902 775 1928 videamus
790 1901 811 1927 si
826 1901 862 1927 ita

485 1940 647 1976 cupiditatem
666 1936 861 1976 contemnimus,

484 1972 599 2002 ut'istius
620 1972 782 1999 beatitudinis
800 1979 862 2004 par-

486 2012 572 2046 ticipes
581 2016 634 2036 esse
642 2005 864 2046 possisnam-Forte

486 2042 579 2082 aliquis
588 2045 664 2082 _i_ntra_
683 2051 708 2070 se
728 2042 821 2077 cogitat
831 2046 864 2081 _et

487 2076 547 2109 dicit
559 2088 568 2107 :
582 2077 636 2106 Nec
650 2078 745 2113 furtum
757 2076 802 2113 nec
812 2076 864 2102 vio-

487 2118 590 2145 lentiam
602 2112 679 2148 fuero.
688 2121 736 2148 ne}
745 2112 865 2145 rapinam

54 2164 191 2189 mrceo,
206 2163 252 2182 nec
271 2162 312 2182 res
325 2155 422 2181 alienas
436 2153 576 2189 aliquando
590 2146 689 2189 negavi.
708 2146 786 2189 orte
808 2147 865 2189 ideo

56 2181 119 2220 it—o'n
137 2181 255 2226 negasti,
270 2181 330 2226 quia
341 2190 384 2216 tibi
398 2198 471 2226 nemo
480 2181 661 2226 'commendiire
672 2183 767 2226 vqluit,
779 2186 827 2226 {qut
843 2181 866 2226 si

56 2217 259 2256 εοιίιιῇἐῖιιιαυίἶ
269 2217 282 2258 ,’
290 2225 336 2252 sub
351 2225 453 2252 testibus
477 2220 670 2252 commendavit.
689 2218 737 2245 Dic
751 2217 828 2249 mihi,
843 2217 866 2243 si

55 2262 215 2291 reddidisti
224 2283 231 2292 .
246 2267 297 2289 etc.

100 2298 182 2326 Ibid.
204 2297 308 2323 Mortuo
323 2296 368 2331 qui
386 2303 454 2322 com-

54 2333 216 2362 mandavit.

100 2369 181 2397 IUid.
201 2368 266 2401 Quia
288 2372 342 2402 post
363 2374 456 2393 aurum

53 2414 116 2433 non
135 2403 205 2436 iui;
218 2404 292 2433 quia.
304 2408 357 2432 etc.

100 2440 185 2467 Ibid.
205 2438 237 2466 Si
257 2439 323 2474 forte
345 2438 457 2466 alienum

51 2476 220 2505 sacculum.

98 2510 183 2539 Ibid.
210 2508 319 2536 Verbum
342 2507 390 2536 Dei
411 2517 454 2536 αα.

49 2547 117 2575 dis.

96 2582 184 2610 Ibid.
213 2579 356 2608 Lis-tissime
386 2587 455 2606 com-

50 2618 199 2646 moveris.

99 2652 186 2681 Ibid.
225 2649 345 2685 Propono
385 2658 455 2686 ergo.

51 2690 145 2717 Deus
166 2687 241 2714 dicit.

96 2723 188 2752 Ibid.
205 2723 287 2754 Quam
307 2722 389 2756 primo
411 2729 458 2756 po‘

46 2761 130 2796 ναιφ
141 2758 236 2796 dedit-

96 2794 186 2822 lbid.
203 2791 327 2819 Nondum
342 2791 459 2818 Christus

44 2835 122 2859 erat
142 2832 277 2859 mortuus,
290 2827 458 2853 inventionem

45 2871 206 2900 tanquam
212 2862 323 2900 alienum
333 2870 386 2889 esse
400 2862 459 2888 red-

45 2898 205 2928 denHam.
217 2898 247 2925 Si
258 2898 401 2932 quisquam.

529 2293 575 2320 Iid.
588 2291 692 2319 Mortuo
703 2297 732 2316 eo
743 2289 785 2323 qui
798 2295 868 2315 com-

492 2328 629 2356 mendavit.

530 2364 576 2390 Iid.
605 2362 670 2394 Quia
694 2366 750 2394 post
777 2366 869 2385 aurum

492 2407 543 2428 non
556 2397 645 2429 abisti;
659 2396 703 2429 qui
712 2415 718 2426 ,
733 2399 785 2422 etc.

528 2435 576 2462 Iid.
586 2433 636 2460 Aut
647 2432 668 2459 si
680 2431 745 2465 forte
755 2429 868 2456 alienum

493 2468 633 2498 sacculum.

529 2506 576 2533 Iid.
590 2503 697 2531 Verbum
707 2500 754 2528 Dei
764 2500 869 2527 libenter

492 2542 577 2568 audis.

530 2577 579 2604 Iid.
602 2573 735 2601 Latissime
756 2579 868 2598 commo-

493 2613 569 2639 neris.

529 2647 577 2675 Iid.
587 2644 724 2672 Considera
735 2641 805 2677 quod
816 2648 870 2675 pro-

494 2691 571 2717 pono.
584 2680 654 2708 Deus
668 2679 740 2717 dicit.

530 2718 578 2745 Iid.
591 2717 674 2750 Quam
686 2713 765 2749 priori
776 2712 871 2748 populo

495 2754 571 2781 dedit.

531 2789 577 2815 Iid.
606 2786 728 2813 Nondum
753 2782 871 2810 Christus

495 2829 548 2851 erat
567 2826 692 2853 mortuus,
713 2824 739 2846 ut
755 2818 872 2853 quicum-

494 2867 542 2896 que
562 2865 613 2896 rem
629 2858 808 2896 cujuscumque
830 2853 872 2878 in-

495 2889 589 2922 uenerit
600 2914 606 2924 ,
624 2889 744 2926 tanquam
762 2889 872 2926 alienam

497 2932 547 2958 cito
572 2923 706 2960 restituat,
731 2925 790 2959 quia
817 2923 873 2949 sine

891 329 940 356 cite
953 326 1078 356 similiter.
1094 326 1123 354 Si
1138 327 1282 360 quisquam.

892 395 894 397 _
927 365 992 392 Ibid.
1010 363 1104 390 Debere
1117 362 1229 387 reddere.

927 400 960 427 N.
993 402 1017 425 ti.
1050 398 1175 431 Quoniam
1202 399 1269 422 dona

894 436 940 464 Dei
954 435 1033 463 sunt?

930 505 995 533 Ibid.
1007 504 1095 530 Dicam
1105 502 1172 538 quod
1182 501 1269 537 fecerit

893 540 1076 577 pauperrimus
1092 537 1175 571 homo,
1199 537 1270 577 nobis

894 573 965 611 apud
982 575 1156 603 Mediolanum
1176 573 1269 600 consli-

888 614 971 644 tutis;
983 617 1036 641 tam
1050 618 1156 645 pauper,
1170 614 1198 635 ut
1212 617 1270 645 pro-

895 648 1008 676 scholas.

1337 359 1385 387 Iid.
1401 359 1479 386 Debet
1491 361 1606 387 reddere.

1340 393 1408 422 C'ml.
1433 395 1523 423 Fesul.
1546 395 1679 428 Quomodo

1305 429 1354 457 Dei
1367 431 1433 457 dona
1451 430 1529 457 sunt?
1544 431 1609 458 Cod.
1625 431 1680 458 Mn—

1305 466 1368 499 gcll.
1384 466 1522 500 Quoniam,
1537 467 1600 494 utin
1615 467 1680 493 edit.

1343 501 1388 527 Iid.
1408 501 1497 527 Dicam
1512 502 1573 536 quid
1595 503 1683 536 fecerit

1306 535 1381 564 homo
1411 538 1513 571 quidam
1546 535 1681 572 pauperri-

1306 581 1372 604 mus,
1388 581 1416 599 eo
1431 577 1543 605 tempore
1556 581 1606 605 quo
1620 582 1683 601 san-

1308 612 1363 634 ctus
1376 608 1523 634 Ambrosius
1541 608 1684 635 Mediolani

1308 648 1361 669 erat
1386 641 1532 678 episcopus,
1560 644 1600 670 ubi
1624 649 1684 671 tunc

1308 686 1419 712 prtesens
1442 683 1496 715 erat
1510 678 1587 705 etiam
1599 680 1685 715 Augu-

897 720 978 747 stinus
997 716 1110 744 nondum
1126 708 1275 749 episcopus;
1299 708 1511 750 tam‘paupcrille
1524 719 1550 740 ut
1566 708 1686 749 prouiso-

896 755 1012 783 lasticus.
1022 751 1127 780 Addilio
1141 750 1293 778 scribentis.

1301 748 1374 780 Cod.
1388 748 1474 776 Fesul.
1491 748 1570 777 habet
1584 758 1686 785 prosca-

897 781 953 822 ita;
969 790 1063 817 melior
1078 795 1126 814 vos
1142 781 1303 822 proscliblus,
1320 784 1385 822 ut_in
1400 785 1466 811 edit.

935 816 1001 853 Ibid.
1028 823 1080 851 Sed
1100 816 1176 857 plane
1204 816 1277 847 Chri-

898 862 997 889 stianus
1006 880 1015 892 ,
1031 858 1143 891 quamvis
1154 857 1197 883 ille
1214 860 1275 883 esset

899 904 1015 933 paganus
1025 899 1218 933 gramntat:cus
1231 899 1279 917 me-

899 931 948 960 lior
962 934 993 958 ad
1008 931 1088 957 velu-n
1103 937 1178 962 quam
1190 931 1216 953 in
1234 934 1275 954 ca-

900 971 998 996 thedra.
1024 966 1125 1000 Pauper
1150 972 1208 998 irqo
1232 963 1276 989 iste

899 1004 992 1031 invenit
1002 1003 1142 1030 sacculum,
1153 1000 1202 1025 nisi
1215 999 1280 1032 forte

901 1049 939 1067 me
965 1045 1085 1065 numerus
1114 1036 1197 1069 fallit,
1221 1042 1279 1060 cum

901 1076 989 1103 solidis
1003 1075 1079 1109 ferme
1091 1071 1220 1109 ducentis:
1233 1077 1280 1096 me-

902 1120 957 1137 mor
969 1107 1031 1143 legis
1045 1107 1192 1142 proposuit,
1207 1109 1259 1131 etc.

939 1146 1003 1172 Ibid.
1017 1144 1049 1170 Et
1063 1151 1092 1169 ne
1107 1144 1171 1177 forte
1184 1148 1279 1175 quitre-

902 1187 940 1209 ret
951 1182 1063 1209 alienum
1072 1200 1080 1213 ,
1091 1177 1216 1213 quaesivit.

1347 819 1395 846 Iid.
1415 821 1465 846 Sed
1486 820 1562 854 plane
1578 829 1649 847 vri-us
1665 827 1687 848 et

1300 855 1436 889 .'perfectus
1450 854 1619 883 Christianus.
1636 857 1688 883 Sed

1306 891 1400 917 'm‘clior
1413 892 1462 925 fut!
1479 891 1521 917 ille
1540 893 1583 924 qui
1598 894 1631 918 ad
1648 901 1689 918 υθ-

1313 927 1365 951 Ιιιηι
1389 927 1488 957 stabnt,
1502 935 1578 960 quam
1601 928 1643 959 qui
1664 929 1690 953 in

1313 963 1433 987 cathedra
1454 964 1564 989 sedebat.
1587 963 1690 997 Pauper

1315 1005 1373 1031 ergo
1387 998 1431 1023 iste
1448 998 1540 1023 invenit
1561 999 1690 1024 sacculum

1314 1034 1479 1068 ducentorum
1520 1034 1659 1060 solidorum
1681 1042 1690 1060 .'

1315 1076 1409 1094 memor
1423 1074 1505 1104 tntum
1525 1070 1616 1096 divina:
1630 1070 1691 1104 legis

1314 1103 1456 1138 proposuit,
1472 1108 1523 1131 ulc.
1654 1102 1660 1104 ⁷
1707 1102 1710 1105 ’

1353 1140 1398 1166 Iid.
1410 1139 1442 1166 Et
1455 1148 1485 1165 ne
1496 1140 1560 1174 forte
1570 1147 1692 1174 qua'reret

1315 1175 1424 1201 alienum
1435 1184 1507 1211 ,Vnon
1520 1183 1610 1207 suum,
1623 1184 1691 1211 qutu-

1316 1210 1382 1237 sivit.
1395 1211 1437 1237 Sic
1446 1210 1597 1244 legendum,
1606 1220 1692 1246 quum-

904 1253 945 1280 vis
956 1251 1035 1280 codd.
1049 1249 1165 1277 habeant
1176 1246 1220 1274 sed
1235 1253 1284 1281 pro
1299 1253 1359 1272 non.

940 1287 1007 1329 Ibid.
1024 1286 1123 1326 Saltem
1135 1283 1231 1329 rogavit
1243 1281 1281 1308 vel

904 1324 1015 1358 quinque
1028 1324 1162 1355 acciperet.

943 1359 1010 1385 Ibid.
1040 1352 1281 1384 Stomachabundus

905 1395 991 1421 homo.

944 1428 1009 1457 Ibid.
1032 1425 1107 1460 Quod
1129 1422 1283 1458 offerebatur

906 1465 1003 1500 accepit
1015 1470 1024 1490 :
1038 1462 1170 1494 continuo,
1181 1465 1231 1488 etc.

942 1535 975 1562 Ν.
989 1535 1016 1561 9.
1034 1533 1101 1567 Quid
1116 1531 1173 1559 est?
1188 1530 1218 1558 Si
1231 1529 1277 1556 ali-

908 1571 971 1606 quid
979 1568 1019 1606 egi
1026 1570 1052 1595 in
1057 1566 1176 1606 cordibus
1185 1566 1282 1606 vestris,

910 1600 932 1633 ii
956 1600 1056 1632 verbum
1074 1602 1121 1629 Dei
1147 1600 1239 1627 insedit
1258 1600 1285 1625 in

909 1641 988 1671 vobis.
1011 1640 1034 1666 si
1056 1638 1169 1670 requiem
1193 1635 1285 1671 invenit

910 1669 1048 1709 apudvos,
1064 1674 1143 1709 facile,
1154 1672 1200 1696 hoc
1209 1690 1217 1704 ,
1232 1669 1287 1704 fra-

911 1707 961 1738 tres
990 1712 1038 1736 mei
1059 1707 1068 1737 έ
1092 1707 1170 1734 nolite
1197 1711 1288 1740 putare

911 1749 1033 1774 damnum
1045 1752 1088 1771 vos
1103 1742 1171 1777 pati,
1187 1741 1208 1767 si
1223 1740 1288 1776 fece-

911 1784 983 1814 ritis;
996 1787 1117 1814 magnum
1128 1778 1286 1814 lueruniest,

911 1819 932 1845 si
944 1811 1053 1851 ferenti}
1062 1813 1208 1851 quo‘ddico.
1223 1811 1287 1838 Per-

913 1849 966 1880 didi
987 1852 1076 1888 viginti
1101 1849 1205 1888 solidos,
1228 1855 1286 1881 per-

914 1889 967 1915 didi
983 1884 1113 1915 du'ccntos.
1128 1884 1288 1919 quingentos.

914 1924 983 1957 Quid
998 1917 1149 1958 perdidisti?
1165 1917 1203 1958 De
1214 1918 1290 1944 domo

913 1954 958 1986 lita
981 1954 1106 1992 perierant
1122 1963 1131 1982 .'
1146 1954 1213 1992 alte:
1230 1961 1290 1988 per-

915 1988 1028 2026 dideiat,
1050 2001 1101 2020 non
1126 1995 1164 2017 tu.
1193 1988 1289 2021 Terra,

916 2038 968 2058 Cic.

952 2062 1019 2092 Ibid.
1043 2062 1134 2090 Posuit
1157 2060 1211 2090 ille,
1227 2059 1293 2085 obli-

917 2106 956 2128 tus
967 2105 1005 2127 est
1017 2099 1071 2130 ille,
1086 2097 1175 2125 cecidit
1188 2094 1292 2126 abillo;

917 2142 943 2163 tu
958 2135 1073 2162 invenisti
1088 2133 1159 2160 alibi.
1173 2131 1236 2164 Quis
1254 2130 1294 2155 in-

917 2171 1027 2198 venisti?
1041 2169 1214 2196 Christianus.
1232 2164 1293 2198 Quis

918 2206 1052 2234 invenisti?
1076 2205 1120 2239 qui
1143 2204 1295 2239 legemus:-

919 2243 995 2274 disti,
1012 2237 1175 2267 Cliristianui
1195 2237 1238 2274 qui
1259 2237 1295 2263 le-

880 2272 1107 2319 Dgem.;autlisti.
1135 2274 1197 2307 Quis
1224 2272 1295 2319 inpe-

920 2307 999 2340 iiisti?
1024 2311 1075 2345 Qui
1102 2318 1161 2337 cum
1194 2307 1297 2345 audires

920 2348 1001 2375 multa
1029 2346 1155 2376 laudasti,
1178 2349 1205 2370 tu
1226 2344 1296 2369 inve—

921 2383 989 2411 nisti.
1003 2381 1032 2410 Si
1044 2386 1104 2411 erq‘o
1114 2380 1235 2407 veraciter
1246 2379 1297 2404 latt-

920 2419 1005 2451 dasti,
1030 2415 1109 2444 redde
1131 2416 1198 2449 quod
1226 2415 1295 2451 inue-

922 2455 989 2481 nisti.
998 2448 1038 2486 ’δῇ
1050 2448 1199 2478 autemnon
1212 2448 1297 2486 reddi-

920 2490 980 2517 disti
987 2484 1054 2523 quod
1060 2486 1188 2523 inuenisti,
1196 2484 1298 2519 quando

924 2525 1045 2553 laudasti.
1059 2522 1230 2549 testimonium
1243 2527 1299 2546 con-

923 2567 962 2589 ινα
978 2565 1001 2587 te
1016 2558 1114 2586 dixisti.
1131 2556 1228 2588 Estote,
1244 2560 1295 2583 etc.

959 2666 1026 2694 Ibid.
1051 2665 1121 2692 Nam
1141 2663 1209 2698 quod
1228 2663 1297 2688 inste-

925 2703 984 2729 nisti
994 2707 1017 2729 et
1029 2710 1078 2729 non
1092 2699 1225 2728 reddidisti
1235 2719 1241 2730 ,
1258 2705 1300 2724 ra-

923 2739 1009 2773 puistt'.

959 2773 1024 2801 Ibid.
1039 2773 1169 2805 Quantum
1182 2769 1299 2804 potuisti,

923 2809 1021 2844 fecisti;
1035 2808 1098 2844 quia
1112 2806 1170 2840 plus
1183 2813 1236 2844 non
1256 2812 1301 2844 pp-

924 2839 1014 2876 iuisti,
1032 2839 1089 2870 ideo
1109 2849 1160 2868 non
1183 2841 1240 2876 plus
1263 2839 1301 2875 fe-

924 2881 989 2907 cisti.

960 2915 1024 2943 Ibid.
1042 2913 1093 2948 Qui
1118 2912 1229 2939 alienum
1256 2918 1302 2937 ne-

1353 1281 1400 1307 Iid.
1426 1281 1523 1308 Saltem
1546 1282 1641 1316 rogavit
1666 1287 1694 1309 ut

1319 1316 1355 1343 vel
1365 1317 1478 1352 quinque
1489 1318 1621 1352 acciperet.

1354 1351 1419 1378 Cod.
1441 1353 1545 1385 Mugell.
1569 1352 1620 1379 Ille
1643 1359 1695 1380 sto-

1318 1388 1462 1414 muchatus.

1354 1422 1419 1450 Cod.
1434 1421 1549 1450 FIorent.
1568 1423 1642 1456 Quod
1656 1424 1696 1459 of-

1320 1458 1445 1498 ferebatur
1465 1460 1578 1493 accepit,
1595 1464 1618 1486 et
1633 1458 1695 1486 con-

1319 1498 1400 1525 tutuo,
1412 1498 1463 1520 etc.

1355 1528 1402 1556 Iid.
1411 1527 1585 1562 Considerate,
1593 1529 1696 1564 fratres,

1321 1569 1371 1590 tam
1387 1563 1528 1601 gloriosum
1542 1563 1696 1601 exemplum,

1320 1603 1345 1640 et
1367 1605 1432 1640 Itatu‘
1451 1600 1566 1640 mirabile
1589 1601 1696 1635 factum.

1322 1633 1372 1668 Egi
1396 1634 1495 1667 aliquid
1527 1636 1554 1661 in
1581 1633 1698 1664 cordibus

1322 1669 1419 1701 vestris,
1435 1670 1456 1695 si
1472 1670 1574 1696 verbum
1588 1670 1637 1698 Dei
1657 1680 1699 1698 re-

1341 1705 1413 1731 uierit
1438 1705 1464 1731 in
1487 1705 1577 1732 animis
1600 1707 1698 1734 vestris.

1350 1741 1415 1767 acite
1438 1739 1494 1773 hoc,
1524 1741 1616 1775 fratres
1639 1742 1717 1769 mei“

1325 1775 1414 1816 Nolite
1426 1781 1568 1816 putaret-os
1579 1779 1701 1816 damnum

1325 1812 1377 1844 pati
1388 1831 1396 1844 ,
1411 1812 1434 1837 si
1456 1812 1524 1845 quod
1539 1820 1554 1838 α
1569 1813 1637 1839 vobis
1662 1812 1701 1839 in-

1323 1851 1423 1873 ventum
1437 1845 1514 1880 fuerit
1529 1847 1701 1874 reddideritis.

1325 1881 1426 1908 Credite
1439 1883 1499 1916 quia
1519 1891 1637 1918 magnum
1659 1883 1702 1909 lu-

1327 1924 1398 1943 crum
1408 1923 1444 1944 est
1453 1939 1459 1949 ,
1467 1918 1497 1953 _si
1514 1919 1622 1952 feceritis
1633 1919 1702 1953 quod

1327 1960 1443 1992 suggero.
1461 1951 1541 1992 orte
1555 1951 1703 1992 aliquisve-

1327 1988 1398 2024 niens
1411 1988 1438 2014 in
1447 1988 1526 2024 domo
1538 1993 1582 2015 tua
1592 1989 1704 2024 perdidit

1327 2023 1432 2050 solidos.
1446 2021 1536 2056 Terra,
1552 2021 1604 2051 etc.

1365 2058 1411 2085 Iid.
1429 2057 1520 2084 Posuit
1543 2059 1596 2093 ille,
1611 2059 1704 2086 oblitus

1329 2099 1364 2121 est
1373 2114 1380 2125 ,
1392 2093 1431 2120 sel
1443 2094 1535 2121 cecidit
1549 2097 1580 2121 ab
1593 2096 1655 2126 illa;
1665 2096 1706 2121 in-

1329 2130 1437 2166 venisti,
1463 2130 1506 2166 qui
1528 2131 1554 2156 in
1578 2129 1633 2166 lege
1655 2138 1706 2157 au-

1330 2164 1390 2192 disti
1402 2164 1569 2193 inventionem
1582 2164 1636 2192 esse
1651 2167 1706 2192 red-

1331 2201 1450 2227 dendam.
1461 2200 1512 2233 Qui
1520 2201 1636 2227 invenisti
1644 2222 1651 2233 ,
1663 2202 1707 2233 qui

1331 2244 1388 2262 cum
1411 2236 1512 2262 audires
1534 2236 1635 2263 verbum
1660 2236 1708 2263 Dei

1332 2271 1460 2303 laudasti,
1477 2271 1555 2298 redde
1577 2272 1645 2306 quod
1667 2272 1708 2298 in-

1331 2307 1429 2334 venisti.
1445 2307 1475 2333 Si
1490 2312 1575 2334 autem
1589 2315 1639 2333 non
1652 2307 1709 2332 red.

1333 2342 1428 2368 dideris
1462 2342 1529 2375 quod
1570 2342 1708 2375 invenisti,

1332 2375 1435 2412 quando
1450 2376 1561 2403 laudasti
1570 2397 1576 2407 ,
1593 2377 1707 2412 testimo-

1333 2411 1401 2439 nium
1415 2416 1502 2438 contra
1515 2415 1538 2438 te
1550 2412 1647 2439 dixisti.
1660 2411 1709 2439 Es-

1334 2453 1393 2480 tote,
1406 2451 1458 2474 etc.
1470 2447 1515 2474 Sic
1526 2449 1605 2474 ambo
1616 2447 1709 2480 codd.,

1334 2488 1444 2517 excepto
1459 2483 1529 2517 quod
1544 2483 1604 2511 cod.
1618 2482 1709 2510 Fesul.

1336 2519 1425 2550 habet,
1441 2521 1497 2553 quis
1520 2518 1636 2553 invenisti
1662 2525 1711 2552 pro

1333 2554 1376 2589 qui
1391 2551 1506 2580 invenisti
1516 2575 1522 2586 ,
1535 2557 1562 2580 et
1575 2551 1633 2583 t'o'd.
1651 2551 1711 2580 Mu-

1334 2591 1407 2624 gell.,
1425 2597 1473 2615 non
1494 2589 1583 2616 reddes
1592 2596 1640 2623 pro
1661 2596 1712 2615 non

1336 2625 1486 2651 reddideris.

1374 2661 1418 2686 Iid.
1437 2660 1505 2685 Nam
1520 2660 1541 2685 si
1560 2658 1675 2685 invenisti
1690 2661 1713 2685 et

1336 2703 1387 2722 non
1402 2695 1550 2726 reddidisti,
1563 2693 1681 2729 rapuisti.

1373 2766 1420 2793 Iid.
1439 2766 1569 2797 Quantum
1594 2764 1714 2798 potuisti,

1337 2802 1433 2838 fecisti,-
1449 2801 1523 2838 quia.
1529 2800 1587 2838 plus
1602 2807 1652 2825 non
1672 2801 1714 2826 in-

1338 2836 1441 2868 venisti,
1457 2837 1513 2862 sdeo
1528 2836 1584 2869 plus
1604 2842 1653 2861 non
1672 2842 1715 2861 ra-

1340 2873 1429 2908 puisti.

1375 2908 1423 2935 Iid.
1442 2907 1492 2940 Qui
1505 2907 1616 2933 alienum
1629 2908 1705 2934 neuat
