4018 6500
516 400 656 459 1175

518 523 605 587 gat
620 554 636 582 ,
657 512 701 569 si
728 509 917 583 possit,
938 515 987 563 et
1016 505 1167 562 tollit.

1340 585 1457 626 var.
1484 571 1652 624 Maur.

587 654 721 711 Ibid.
748 651 925 706 Timor
942 648 1191 720 prohibet.
1341 637 1786 765 cogat-Monii.
1833 636 2006 691 Timor
2047 645 2094 691 te

1341 721 1557 766 cohibet.

586 794 724 851 Ibid.
751 800 806 855 et
834 807 889 846 η.
916 792 1001 847 I0.
1032 787 1137 845 Sed
1161 801 1270 840 ma-
1351 851 1391 855 _
1413 781 1510 855 Iid.
1539 782 1645 837 Sed
1672 779 1863 836 malum
1888 779 2091 835 metuis.

517 869 626 923 lum
648 851 849 918 metuis.
886 861 1023 929 Quid
1049 868 1120 913 est
1160 873 1271 929 ma:
1346 851 1413 906 Et
1441 853 1593 919 latro,
1618 861 1723 909 etc.

552 952 718 1003 num,
792 926 966 987 timere
1040 926 1273 982 malum?
1353 994 1365 1003 _
1498 956 1501 959 λ

584 994 915 1078 agnumnest,
934 1016 1037 1078 non
1066 1004 1233 1078 fat-ere
1260 994 1494 1050 malum:
1521 1009 1765 1067 magnum
1793 1001 1898 1059 est,
1924 1007 2097 1047 amare

524 1071 730 1134 bonum.
760 1072 900 1127 Nam
926 1081 972 1125 et
1004 1071 1161 1134 latro,
1188 1077 1293 1123 etc.

589 1147 653 1202 N.
686 1146 772 1200 II.
803 1142 908 1201 Sed
938 1132 1170 1195 desidera
1197 1139 1274 1193 vi-
1419 1135 1516 1191 Iid.
1565 1136 1671 1191 Sed
1718 1132 1971 1191 desideres
2016 1134 2097 1187 vi-

589 1234 641 1262 ".
669 1214 855 1262 Deum.
1346 1206 1467 1261 dere
1501 1206 1681 1262 Deum.

520 1220 641 1273 dere
669 1214 855 1270 Deum.

592 1287 724 1341 Ibid.
759 1284 894 1352 Quia
936 1282 1130 1337 dictum
1158 1288 1272 1349 est,
1373 1276 1517 1352 ___Iid._
1568 1278 1705 1352 Quid
1751 1275 1945 1329 dictum
1985 1275 2100 1329 est?

522 1347 856 1413 dilectissimi.
1256 1347 1265 1349 ἡ
1347 1347 1687 1403 dilectissimi.

547 1485 552 1490 _
589 1428 723 1484 Ibid.
754 1425 815 1481 Si
854 1425 988 1480 enim
1016 1438 1159 1477 amas
1197 1422 1273 1475 vi-
1360 1488 1384 1490 _
1420 1418 1517 1473 Iid.
1591 1418 1653 1475 Si

521 1500 638 1554 dere
690 1496 855 1551 Deum
902 1503 1077 1561 tuum,
1124 1494 1170 1546 si
1220 1492 1274 1545 in

525 1572 621 1625 hac
692 1565 1100 1648 peregrinatione
1179 1561 1273 1616 illo

519 1655 693 1697 amore
726 1652 987 1708 suspiras;
1015 1649 1126 1688 ecce
1152 1648 1276 1702 pro-

520 1712 606 1765 bat
629 1720 674 1787 te
699 1704 1110 1787 DominusDe'us
1136 1712 1272 1787 tuus,

520 1781 667 1853 quasi
694 1780 830 1853 dicat
872 1776 959 1831 tibi
985 1790 1004 1831 .°
1034 1771 1168 1828 Ecce
1193 1773 1277 1844 fac

520 1850 658 1924 quod
683 1850 777 1917 vis,
803 1855 906 1903 etc.

1720 1432 1861 1471 amas
1936 1417 2102 1475 videre

1348 1488 1516 1543 Deum
1542 1499 1686 1542 tuum
1705 1530 1718 1549 ,
1749 1487 1802 1541 in
1830 1487 1929 1541 hac
1958 1504 2102 1559 pere-

1348 1561 1635 1630 grinatione
1652 1560 1798 1613 illum
1813 1566 1915 1611 toto
1931 1574 2103 1613 amore

1348 1632 1590 1698 suspira,
1637 1631 1785 1684 illum
1844 1630 2100 1684 desidera.

1351 1698 1484 1775 Ecce
1509 1700 1733 1775 (addunt
1757 1700 1913 1775 codd.
1940 1701 2098 1775 male,

1348 1838 1642 1912 Deus—tuus,
1668 1851 1725 1896 ut
1744 1838 1987 1912 appareat
2010 1859 2103 1912 pro

1312 1914 1527 1983 ,quibus
1563 1915 1711 1968 rebus
1749 1914 1933 1983 diligas
1952 1929 2101 1981 eum,

522 2002 697 2049 utrum
718 2005 813 2061 pro
833 1990 1031 2061 seipse,
1052 2001 1242 2061 an_pro
1270 1982 1674 2061 rebusterrenis,
1708 1999 1834 2054 quas
1849 1982 1950 2038 tibi
1971 1999 2104 2053 prte-

525 2064 676 2126 stitit,
708 2055 755 2114 et
784 2055 920 2115 dicat
942 2055 1064 2124 tibi,
1098 2055 1208 2113 Fac
1228 2055 1364 2125 quod
1386 2056 1609 2126 vis,ietc.

596 2124 731 2188 Ibid.
755 2130 963 2186 Gratias
987 2130 1192 2185 amasti.
1217 2124 1279 2183 Si
1423 2124 1522 2181 lid.
1567 2126 1654 2181 hic
1695 2124 1859 2181 multa
1907 2124 2107 2181 habent

524 2221 644 2275 ergo
670 2218 833 2258 sermo
859 2217 1019 2257 meus.
1350 2211 1468 2275 qua:
1488 2213 1595 2275 non
1615 2195 1928 2275 legunturin
1945 2197 2102 2275 edi_t.;

1353 2265 1431 2322 sic
1473 2284 1490 2324 ε
1536 2265 1708 2323 Gratis
1746 2267 1948 2321 amasti.
1990 2265 2106 2321 Hoc

525 2347 641 2401 ideo
688 2344 931 2409 diximus,
979 2342 1195 2411 fratres,
1244 2338 1362 2410 quia
1408 2348 1523 2411 sunt
1564 2339 1789 2393 homines
1822 2339 1897 2411 ita
1926 2338 2104 2411 negli-

529 2424 701 2488 gentes
728 2424 775 2468 et
805 2409 998 2488 tepidi,
1030 2409 1476 2488 et,_quod__pe1'us
1518 2418 1633 2488 est,
1655 2411 1807 2464 etiam
1846 2409 2104 2488 infideles,

563 2487 615 2541 ui
635 2487 807 2540 dicunt
832 2479 919 2540 εἰ]
929 2486 1090 2539 tinam
1113 2479 1195 2537 hic
1215 2480 1346 2535 mihi
1374 2479 1514 2535 Deus
1533 2482 1587 2534 in
1612 2481 1708 2535 hoc
1728 2479 1913 2535 steculo
1935 2481 2107 2533 omnia

562 2574 663 2612 ana
703 2556 922 2610 tribuat!
953 2553 1077 2609 Non
1120 2556 1185 2607 ad
1229 2567 1312 2605 me
1347 2552 1562 2623 pertinet
1594 2552 1718 2623 quid
1760 2553 1814 2623 in
1844 2550 2015 2623 futuro
2044 2551 2108 2605 de

525 2644 606 2683 me
634 2628 745 2695 fieri
774 2627 909 2681 velit.
941 2624 985 2679 0
1011 2626 1193 2695 infelix
1219 2622 1428 2695 animal
1454 2621 1674 2677 Etiamsi
1705 2632 1752 2676 te
1780 2621 1916 2695 Deus
1943 2622 2110 2677 mittat

527 2699 581 2752 in
609 2692 838 2765 plenam,
868 2706 915 2750 et
946 2692 1298 2750 tantummodo
1316 2692 1509 2815 [aciem
1538 2710 1685 2747 suam
1711 2702 1760 2747 te
1800 2692 1970 2747 videre
2008 2709 2110 2747 non

527 2770 813 2815 mrmittat-
837 2768 1081 2815 numauid
1111 2782 1213 2815 non
1235 2779 1313 2815 me
1336 2764 1417 2815 ius
1445 2764 1608 2815 fuerdt
1639 2774 1686 2815 te
1703 2779 1806 2815 non
1838 2763 1992 2815 fuisse
2016 2779 2109 2815 na-

525 2763 1081 2839 perimittat,numquid
1096 2782 1213 2839 Anon
1235 2763 1417 2839 melius
1443 2764 1608 2832 fuerat
1626 2774 1686 2839 te
1703 2779 1806 2839 non
1836 2763 1992 2839 fuisse
2016 2779 2109 2817 na-

528 2833 676 2893 tum?
700 2837 827 2892 Cum
850 2833 980 2891 vero'
994 2836 1107 2906 ﬁeri
1133 2851 1234 2889 non
1261 2833 1449 2901 possit,
1477 2836 1637 2906 utqui
1666 2834 1847 2904 faciem
1862 2836 1980 2906 ejus
2006 2850 2111 2888 non

529 2909 767 2963 meruerit
794 2904 1002 2973 videre,
1022 2909 1186 2978 ignem
1212 2914 1458 2978 internum
1493 2904 1707 2963 evadere
1732 2905 1925 2976 possit,
1953 2920 2112 2972 quare

529 2980 602 3034 sic
622 2996 764 3035 amas
788 2975 1241 3048 prwsentis'swculi
1261 2975 1591 3045 voluptatem,
1613 2986 1668 3032 ut
1685 2975 1786 3031 non
1809 2990 2113 3044 expavescas

530 3052 707 3105 teterni
736 3050 865 3105 ianis
893 3050 1147 3103 ardorem.

601 3116 994 3176 Ibid.Advocate
1017 3134 1179 3187 prece,
1199 3117 1287 3172 hu-
1430 3116 1525 3172 Iid.
1555 3117 1810 3173 Advocate
1841 3133 1986 3188 prece
2016 3118 2113 3171 hu-

533 3189 1285 3261 militate,dolorep¢enitentite.
1359 3189 1610 3261 militatis,
1651 3188 1825 3243 dolore
1868 3190 2113 3261 paeniten-

1478 3258 1567 3316 Sic
1587 3259 1812 3327 Lovan.,
1826 3259 2114 3329 etquidem
2142 3260 2189 3325 C

1356 3331 1513 3398 bene,
1546 3329 1675 3384 Viue
1704 3345 1817 3385 var.
1850 3330 2021 3385 Maur.

609 3401 740 3459 Ibid.
782 3401 937 3456 Hanc
1008 3401 1287 3457 scintillam
1431 3400 1688 3457 Iid.Hanc
1701 3400 1978 3455 scintillam
1998 3401 2117 3455 boni

534 3474 654 3529 boni
682 3475 873 3528 amoris
902 3471 1024 3541 ﬂate
1044 3474 1098 3527 in
1127 3474 1281 3528 vobis.
1359 3473 1552 3527 amoris
1578 3511 1594 3542 ,
1640 3472 1703 3525 de
1735 3489 1838 3542 qua
1869 3471 2117 3526 Dominus

1361 3544 1493 3598 dixit
1519 3559 1539 3597 :
1570 3541 1753 3615 Ignem
1780 3545 1888 3615 veni
1916 3543 2114 3615 mittere

535 3617 587 3671 in
617 3623 885 3682 terram,et
912 3615 1033 3684 quid
1061 3616 1198 3683 volo,
1228 3616 1327 3670 nisi
1346 3624 1400 3670 ut
1428 3613 1628 3684 ardeat,
1656 3616 1778 3684 [late
1804 3613 1857 3666 in
1883 3614 2044 3667 vobis.

607 3686 739 3744 Ibid.
774 3683 1217 3741 Fenaconsumit.
1434 3685 1532 3740 Iid.
1554 3683 1721 3757 Ligna
1740 3692 2019 3739 consumet.

1031 3842 1263 3899 SERMO
1300 3839 1627 3899 CLXXXVI.

605 3959 823 4031 Legitur
846 3958 901 4013 in
941 3957 1063 4013 cod.
1096 3956 1249 4014 Cass.
1272 3971 1391 4025 cn,
1422 3956 1515 4013 fol.
1541 3955 1676 4025 I59,
1707 3955 1833 4025 ubi,
1862 3970 1915 4010 n.
1937 3955 1986 4023 Ι,
2019 3969 2119 4027 pro

536 4051 621 4107 nis
645 4050 842 4116 verbis,
872 4049 1144 4104 Exsultent
1170 4058 1364 4122 gentes.
1394 4046 1559 4102 Istum
1587 4048 1723 4102 diem
1752 4047 1897 4102 nobis
1919 4063 2018 4102 non
2038 4046 2118 4104 sol

538 4144 633 4199 iste
672 4140 881 4197 visibilis
900 4181 916 4207 ,
946 4142 1035 4196 sed
1064 4141 1272 4196 Creator
1290 4142 1454 4210 ipsius
1492 4140 1757 4195 invisibilis
1781 4140 2117 4208 commovit,

540 4234 786 4299 habetur,
818 4232 1090 4287 Exsultent
1109 4242 1297 4302 gentes,
1320 4234 1441 4302 quia
1462 4230 1633 4287 Maria
1649 4232 1806 4287 istum
1831 4232 1986 4301 diem,
2016 4246 2119 4286 non

482 4397 489 4406 ι
540 4328 618 4383 sol
646 4326 741 4381 iste
769 4326 978 4381 visibilis
1007 4326 1337 4380 consecravit.

1116 4462 1350 4521 SEIIMO
1386 4462 1541 4519 CXC.

611 4581 833 4654 Legitur
872 4583 927 4637 in
959 4579 1080 4636 cod.
1121 4579 1272 4635 Cass.
1297 4593 1441 4646 cui,
1486 4577 1579 4633 fol.
1608 4576 1731 4644 102,
1768 4575 1860 4632 ubi
1885 4576 1999 4633 haec
2024 4591 2120 4633 va-

538 4631 1119 4747 ria-us'i-ec—tio-habeiur
1456 4631 1573 4724 haec
1596 4631 1778 4735 verba,
1815 4668 1883 4723 Ut
1911 4631 2117 4740 propter
2144 4650 2200 4713 D
2223 4631 2526 4695 τωίεπῖθαε,

541 4787 639 4825 nos
671 4776 838 4839 posset
866 4782 976 4822 esse
999 4766 1091 4820 sub
1121 4766 1227 4819 sole
1247 4803 1267 4833 ,
1295 4763 1503 4820 additur
1536 4763 1651 4818 haec
1680 4760 1967 4829 sententia,
1998 4778 2118 4833 qua:

468 4902 473 4907 η
541 4864 691 4921 deest
711 4864 765 4918 in
784 4859 914 4917 edit.
945 4878 957 4913 :
992 4858 1106 4915 Nec
1130 4860 1203 4914 ita
1221 4858 1313 4913 sub
1336 4858 1461 4921 sole,
1489 4866 1545 4911 ut
1567 4874 1672 4913 non
1691 4868 1739 4912 et
1759 4875 1913 4927 super
1935 4858 2113 4916 solem.

1106 4995 1337 5051 SERMO
1374 4993 1554 5051 CXCI.

614 5114 831 5184 Legitur
858 5112 912 5166 in
936 5110 1054 5167 cod.
1078 5108 1232 5166 Cass.
1261 5125 1356 5174 xu,
1384 5108 1477 5163 fol.
1504 5108 1555 5173 5,
1585 5124 1705 5165 cum
1735 5111 1956 5165 exordio
1972 5109 2118 5181 quod

542 5204 880 5262 Beuedictini
918 5203 1215 5259 omiserunt
1261 5201 1313 5255 in
1367 5210 1537 5267 textu,
1588 5202 1681 5256 sed
1710 5202 2031 5257 addiderunt
2060 5203 2115 5259 in

545 5296 891 5359 variantibus,
917 5308 1077 5362 quas,
1102 5294 1191 5348 hic
1211 5293 1279 5347 ad
1299 5293 1580 5348 utilitatem
1603 5293 1817 5349 lectoris
1856 5310 1920 5350 en
1951 5296 2120 5367 magis

462 5378 467 5381 ’
541 5384 853 5442 referendas
871 5381 1138 5446 duximus,
1173 5381 1312 5451 quod
1343 5382 1395 5436 in
1427 5382 1663 5452 pluribus
1688 5383 1859 5439 codex
1888 5386 2113 5441 differat.

620 5476 924 5548 Unigenitus
952 5474 1184 5528 Christus
1214 5472 1306 5528 Dei
1342 5472 1510 5528 Filius
1536 5516 1549 5543 ,
1583 5489 1730 5530 verus
1776 5477 2111 5548 soljustitiaz,

619 5667 633 5697 ¹
664 5663 827 5730 Edit.,
856 5662 943 5717 hic
963 5662 1119 5716 vitam
1136 5661 1394 5716 hominum
1422 5673 1680 5731 moresque
1693 5660 1961 5718 discernit.

620 5738 640 5767 ’
682 5734 803 5803 Iid.,
835 5733 1054 5803 capitur.

618 5805 636 5834 ³
675 5802 796 5868 Iid.,
818 5802 1041 5875 peccato.

1465 383 1843 444 SERMONUM
1883 380 2338 441 CENUINOBUM
2374 381 2435 438 S.
2476 377 2845 438 AUGUSTINI

1338 500 1385 555 si
1412 509 1607 571 posset,
1637 508 1687 553 et
1718 497 1930 551 tolleret.
1962 495 2095 550 Vide
2120 495 2175 559 Α
2198 494 2271 547 ita
2312 492 2462 547 terris
2498 490 2694 556 illuxit,
2737 502 2793 545 ut
2820 505 2920 546 non
2950 490 3201 546 desereret
3233 492 3414 559 etelos,
3443 500 3497 546 et
3520 490 3597 546 ibi
3621 505 3799 550 etme

1348 1768 1434 1842 [ac
1479 1768 1603 1842 quo)
1650 1779 1698 1825 te
1743 1770 1957 1840 probare
1997 1772 2104 1825 vult
2156 1780 2157 1789 ‘

3669 383 3801 439 1176

2198 599 2430 653 manens,
2457 593 2505 637 et
2532 583 2613 637 hic
2635 584 2983 653 temporalitsr
3010 585 3301 650 transiens;
3329 585 3402 639 ibi
3431 586 3794 657 sempiternum

2199 676 2512 731 constituens
2527 675 2659 729 diem
2683 714 2699 740 ,
2731 675 2814 729 hic
2838 676 3116 732 humanum
3146 680 3348 749 patiens
3378 680 3522 733 diem
3544 696 3565 746 ;
3594 680 3667 735 ibi
3692 683 3796 737 siue

2197 768 2446 823 horarum
2491 784 2643 821 cursu
2689 771 2977 838 perenniter
2996 771 3189 837 vivens,
3232 772 3318 825 hic
3344 772 3459 826 sine
3488 776 3687 842 peccati
3713 776 3789 831 in-

2196 866 2350 915 cursu
2403 858 2752 927 temporaliter
2793 860 3058 928 moriens;
3092 862 3163 916 ibi
3203 878 3523 933 permanens
3565 866 3668 920 vita
3693 870 3801 923 sine

2200 966 2408 1017 occasu,
2439 950 2522 1004 hic
2544 951 2703 1004 vitam
2740 961 2966 1006 nostram
2992 969 3024 1006 a
3060 954 3241 1009 mortis
3271 955 3505 1011 liberans
3545 972 3673 1011 casu
3697 960 3802 1023 ;ibi

2200 1045 2484 1118 majestatis
2509 1059 2617 1099 sua:
2642 1045 2811 1100 calore
2860 1045 3175 1119 Angelorum
3208 1059 3404 1105 mentes
3426 1052 3691 1116 accendit,
3721 1054 3803 1107 bis

2198 1138 2305 1194 vita
2352 1138 2616 1193 hominum
2645 1147 2858 1193 mortem
2894 1140 3141 1195 discernit
3172 1142 3217 1196 ⁸.
3249 1145 3276 1196 1
3286 1143 3338 1196 bi
3393 1143 3495 1197 lux
3529 1148 3759 1215 carpitur
3782 1148 3803 1179 ‘

2200 1247 2356 1301 quam
2384 1240 2623 1287 veccator
2652 1231 2673 1263 ³
2720 1232 2897 1287 nullus
2922 1235 3207 1306 extinguit,
3240 1236 3324 1290 hie
3362 1236 3526 1291 hostio
3553 1242 3802 1308 nascitur,

2202 1340 2289 1396 qui
2336 1332 2546 1393 peccato
2587 1322 2609 1356 δ
2658 1334 2842 1379 cuncta
2898 1326 3184 1396 distinguit.
3243 1327 3327 1382 lbi
3356 1328 3508 1383 Deus
3538 1310 3657 1385 cum
3678 1331 3803 1397 Deo,

2203 1415 2287 1468 hic
2315 1414 2456 1469 Deus
2485 1422 2534 1469 et
2592 1416 2768 1471 homo.
2801 1414 2886 1471 Ibi
2939 1417 3111 1472 lumen
3154 1421 3221 1472 de
3267 1422 3488 1489 lumine,
3542 1424 3632 1477 hic
3672 1429 3803 1493 quod

2206 1507 2477 1564 illuminat
2520 1523 2736 1565 omnem
2767 1510 3042 1571 hominem
3071 1510 3248 1583 (Joan.
3285 1531 3324 1581 ι,
3355 1517 3506 1585 15.).
3542 1517 3630 1572 Ibi
3662 1522 3800 1575 verba

2205 1602 2357 1656 caelos
2369 1601 2616 1668 extendit,
2635 1600 2719 1656 hic
2734 1603 2868 1655 viam
2882 1604 3199 1671 perveniendi
3223 1606 3292 1659 ad
3323 1607 3488 1661 ctelos
3516 1612 3735 1663 ostendit
3756 1613 3801 1667 ⁸.

2205 1687 2291 1745 Ibi
2332 1695 2625 1761 mysterium
2682 1691 2965 1745 nativitatis
3012 1708 3126 1747 suta
3166 1709 3281 1747 cum
3326 1693 3495 1751 Patre
3550 1698 3805 1767 limavit,

2206 1782 2290 1838 hic
2320 1785 2545 1839 membra
2571 1783 2742 1839 carnis
2769 1800 2876 1840 sua:
2907 1786 2961 1839 in
2998 1794 3161 1840 matre
3188 1789 3455 1857 formavit.
3483 1788 3571 1843 Ibi
3598 1795 3669 1846 ad
3689 1794 3809 1847 de:-

2134 1881 2182 1943 B
2211 1883 2370 1930 teram
2401 1875 2580 1930 Patris
2618 1877 2799 1931 sedens
2818 1918 2835 1944 ,
2884 1876 2967 1930 hic
2989 1877 3044 1931 in
3082 1880 3336 1947 praesepio
3354 1881 3577 1949 jacens;
3628 1884 3698 1947 ibi
3727 1901 3812 1937 σι-

2208 1968 2347 2040 gclos
2373 1983 2586 2038 pascens
2612 2010 2627 2034 ,
2654 1967 2737 2021 hic
2766 1968 2819 2021 in
2850 1978 2983 2023 terra
3019 1970 3262 2038 parvulus
3287 1974 3530 2027 esuriem
3547 1979 3574 2035 ξ
3600 1974 3675 2027 ibi
3699 1992 3811 2043 ρετ-

2209 2058 2354 2128 fectis
2383 2057 2719 2127 potestatibus
2747 2073 2957 2113 manens
2988 2058 3288 2127 indeﬁciens
3332 2064 3516 2129 panis,
3565 2064 3653 2118 hic
3704 2084 3811 2120 cum

2208 2150 2345 2204 natis
2395 2150 2679 2217 infantibus
2731 2152 2971 2206 alimento
3018 2153 3252 2224 indigens
3299 2156 3502 2223 lactis;
3554 2159 3627 2213 ibi
3689 2161 3810 2215 bona

2209 2244 2402 2315 faciens
2424 2285 2440 2303 .
2471 2244 2553 2297 hic
2583 2244 2719 2298 mala
2748 2247 2945 2314 patiens
2975 2262 2995 2311 ;
3031 2245 3103 2299 ibi
3131 2263 3397 2318 nunquam
3436 2252 3672 2305 moriens
3690 2294 3706 2318 ,
3736 2254 3810 2307 hic

2215 2346 2329 2406 post
2373 2348 2585 2392 mortem
2614 2350 2883 2409 resurgens
2907 2379 2921 2403 ,
2954 2348 3003 2394 et
3035 2342 3338 2397 mortalibus
3374 2354 3637 2399 cternarn
3666 2348 3805 2399 vitam

2212 2430 2535 2484 condonans.
2573 2430 2710 2485 Deus
2725 2431 2894 2499 factus
2918 2440 2995 2485 est
3019 2431 3188 2501 homo,
3203 2441 3262 2486 ut
3290 2434 3449 2488 homo
3475 2434 3623 2491 Deus
3653 2438 3805 2504 ﬁeret.

2217 2519 2470 2574 Formam
2500 2521 2629 2575 servi
2657 2521 2849 2592 accepit
2878 2520 3127 2577 Dominus
3146 2567 3161 2591 ,
3185 2532 3241 2576 ut
3269 2524 3428 2579 homo
3453 2533 3735 2580 verteretur
3756 2529 3806 2581 in

2214 2611 2499 2667 Dominum
2538 2613 2578 2670 ⁸.
2625 2611 2880 2667 Coelorum
2916 2613 3169 2668 habitator
3207 2626 3256 2670 et
3296 2618 3549 2672 conditor
3578 2619 3807 2674 habitarit

2213 2703 2267 2757 in
2286 2706 2456 2770 terris,
2478 2713 2535 2759 ut
2567 2704 2720 2759 homo
2742 2705 2805 2760 de
2826 2707 2977 2760 terris
3004 2707 3248 2781 migraret
3279 2709 3351 2761 ad
3380 2710 3563 2764 catos.

2286 2792 2426 2849 Edit.
2485 2793 2549 2849 N.
2614 2795 2675 2867 I.
2724 2795 2828 2860 Qui
2882 2812 2971 2865 per
3112 2798 3248 2854 (20d.
3281 2799 3387 2866 Qui
3413 2817 3507 2867 per
3534 2817 3653 2855 eum
3680 2812 3803 2857 tanta

2215 2880 2333 2937 e_um
2355 2866 2796 2935 tantaaccepimus
2815 2867 2972 2922 dona.
3045 2871 3335 2937 accepimus
3365 2871 3537 2924 dona.
3574 2872 3681 2928 Sed
3715 2875 3802 2927 Itu-

2217 2933 2439 3005 Propter
2454 2939 2551 2991 hoc
2567 2975 2585 3005 ,
2614 2933 2719 2992 etc.
3043 2933 3235 2994 militas
3254 2944 3372 3011 ejus
3389 2951 3579 2995 nostra
3598 2944 3800 2998 subliui-

3043 3018 3119 3064 tas
3148 3021 3244 3078 est,
3278 3022 3324 3066 et
3350 3028 3488 3066 crux
3517 3017 3801 3082 ejusnostrq

2215 3076 2425 3131 victoria
2445 3086 2536 3139 est.
2563 3078 2704 3134 illitis
2725 3078 3007 3151 patibulum
3036 3092 3204 3136 noster
3228 3076 3662 3151 triumphus'est,
3682 3076 3801 3141 illius

2215 3164 2352 3221 mors
2382 3159 2559 3221 nosga
2589 3153 2689 3204 vita
2718 3161 2812 3221 est.
2862 3148 3083 3221 Propter
3106 3153 3201 3205 hoc
3224 3192 3242 3220 ,
3265 3162 3373 3209 etc.

2220 3238 2221 3241 η
2289 3219 2353 3272 Ν.
2387 3220 2439 3274 5.
2472 3219 2722 3275 Exhibere
2747 3219 2982 3277 Christo.
3118 3223 3195 3277 Id.
3266 3223 3537 3281 Exhibere
3598 3226 3797 3286 Christo.

2222 3287 2456 3344 Ecclesia
2478 3307 2618 3362 ergo,
2641 3301 2744 3348 etc.
3042 3292 3219 3348 Timeo
3249 3304 3426 3349 autem
3453 3313 3522 3350 ne
3549 3298 3683 3350 sicut
3708 3315 3798 3352 scr-

2248 3432 2259 3442 _
2797 3440 2803 3442 _
3041 3380 3167 3432 pcns
3232 3363 3397 3418 Evam
3425 3362 3641 3442 fefett‘rt
3679 3378 3801 3421 ω.-

2221 3438 2294 3487 tia
2322 3447 2437 3506 sua,
2478 3440 2868 3506 corrumpantur
2890 3443 3286 3506 mentes_vestrce
3308 3452 3341 3487 a
3389 3438 3727 3506 simplicitate
3757 3449 3797 3493 et

2220 3504 2457 3556 castitate
2483 3519 2596 3566 qua:
2630 3512 2705 3558 est
2733 3505 2786 3557 in
2807 3504 3029 3559 Christo.
3060 3503 3294 3559 Ecclesia
3321 3521 3473 3572 ergo,
3498 3503 3613 3562 etc.

2290 3572 2355 3627 N.
2387 3575 2440 3627 4.
2474 3573 2535 3628 Si
2575 3583 2846 3643 utrumque
2878 3574 2962 3628 Ita-
3111 3574 3191 3636 Id.
3241 3575 3303 3630 Si
3334 3572 3571 3631 alterum
3622 3578 3787 3632 habere

2222 3645 2335 3697 bere
2363 3642 2551 3697 velitis.
2762 3642 2769 3643 7
3041 3645 3221 3700 velitis.

2294 3712 2429 3767 Ibid.
2459 3712 2527 3767 Et
2556 3714 2823 3785 virginitas
2854 3731 2974 3785 per-
3115 3716 3193 3771 Id.
3217 3715 3301 3790 Et
3325 3718 3615 3790 virginitas
3647 3736 3797 3790 peres-

2220 3791 2435 3841 severet.
3044 3795 3178 3869 seret
3209 3788 3263 3840 in
3295 3788 3514 3843 Christo
3552 3788 3681 3845 Iesu
3705 3789 3796 3845 Do-

3045 3873 3184 3913 mino
3211 3869 3415 3914 nostro.

2802 3966 3034 4025 SERIIO
3070 3967 3219 4025 CCII.

2291 4078 2508 4150 Legitur
2537 4078 2589 4134 in
2619 4077 2743 4135 cod.
2791 4077 2945 4137 Cass.
2973 4097 3078 4149 ενι,
3136 4081 3228 4136 fol.
3276 4080 3419 4149 248,
3466 4082 3606 4149 ubi,
3642 4098 3695 4136 η.
3742 4084 3795 4147 3,

2218 4186 2317 4243 pro
2337 4172 2445 4239 bis,
2470 4171 2693 4227 Sursum
2731 4172 2938 4243 angelos
2968 4188 3069 4227 non
3093 4173 3349 4239 deserens,
3394 4183 3442 4226 et
3472 4174 3720 4228 deorsum
3742 4174 3800 4227 ad

2219 4279 2274 4319 se
2300 4265 2532 4318 homines
2578 4279 2670 4334 per
2696 4262 2906 4334 angelos
2934 4264 3181 4333 colligens
3202 4304 3219 4330 ,
3241 4273 3291 4317 et
3319 4265 3645 4330 eiulatibus,
3674 4274 3799 4331 etc,

2219 4356 2481 4412 habentur
2517 4351 2795 4424 sequentia
2840 4369 2855 4405 :
2897 4352 3115 4409 Sursum
3144 4369 3247 4408 non
3277 4355 3547 4409 deserebat
3568 4354 3800 4425 angelos,

2219 4458 2265 4503 et
2287 4448 2524 4502 deorsum
2551 4446 2617 4499 ad
2634 4461 2687 4500 se
2713 4445 2943 4500 homines
2970 4446 3174 4500 vocabat
3197 4488 3211 4512 ,
3241 4463 3331 4514 per
3357 4446 3602 4517 angelos,
3624 4457 3672 4499 et
3700 4460 3801 4497 cu-

2218 4538 2507 4594 hominibus
2552 4538 2827 4592 secundum
2874 4538 3130 4593 hominem
3171 4538 3227 4591 in
3282 4539 3443 4594 terris
3493 4536 3709 4609 degebat
3758 4543 3801 4588 et

2558 4637 2662 4684 εις.

2770 4716 2999 4776 SERMO
3035 4717 3259 4775 CCVIII.

2294 4835 2509 4909 Legitur
2530 4836 2585 4892 in
2610 4835 2733 4893 cod.
2761 4834 2912 4891 Cass.
2952 4850 3050 4903 xu,
3098 4835 3195 4891 fol.
3242 4832 3337 4900 88,
3381 4836 3478 4891 ubi
3512 4837 3633 4894 hac
3666 4840 3801 4897 initio

2220 4931 2507 4997 habentur,
2538 4943 2657 5000 quae
2685 4929 2880 4984 desunt
2905 4928 2959 4984 in
3007 4928 3166 4984 editis
3198 4946 3210 4981 :
3269 4928 3442 4984 Plura
3471 4933 3625 4988 nobis
3665 4935 3801 4990 siml

2220 5021 2429 5079 recitata
2454 5031 2597 5087 sunt,
2624 5031 2673 5077 et
2720 5021 2785 5075 de
2819 5020 3053 5076 omnibus
3106 5020 3188 5075 his
3238 5021 3412 5077 dicere
3442 5039 3542 5078 nec
3573 5028 3803 5094 temporis

2219 5114 2466 5180 brevitas,
2507 5129 2600 5167 nec
2621 5114 2943 5167 miseriarum
2978 5113 3283 5184 magnitudo
3310 5116 3593 5183 permittit.
3626 5117 3804 5173 Licebit

2220 5214 2387 5260 tamen
2417 5220 2480 5259 ex
2527 5205 2814 5275 ingentibus
2844 5203 2999 5274 [ϐοά.
3030 5205 3369 5279 exigentibus]
3398 5209 3606 5278 campis
3629 5225 3804 5278 paucos

2220 5297 2469 5367 ﬂosculos
2508 5296 2689 5368 legere,
2722 5305 2772 5349 et
2812 5313 2914 5349 non
2942 5305 3190 5367 quantum
3234 5314 3359 5369 ager
3399 5300 3688 5368 exuberat,
3725 5301 3803 5355 sed
3852 5304 3857 5312 '

2220 5398 2471 5461 quantum
2524 5389 2761 5442 odoratui
2791 5389 3008 5458 suﬁiciat
3054 5405 3268 5458 capere;
3300 5391 3436 5446 sicut
3481 5402 3532 5447 et
3562 5410 3679 5447 cuiu
3703 5393 3803 5463 quis

2225 5482 2420 5537 accedit
2438 5481 2507 5536 ad
2539 5481 2750 5551 fontem,
2786 5497 2891 5535 non
2935 5480 2983 5537 ei
3029 5491 3229 5537 tantum
3255 5481 3473 5539 haurire
3497 5493 3800 5551 necessust,

2292 5664 2314 5696 δ
2342 5662 2466 5734 Iid.,
2495 5672 2722 5734 peccata.

2296 5736 2317 5766 ⁸
2354 5733 2512 5800 Cod.,
2546 5734 2707 5802 male,
2735 5733 2979 5802 ascendit.

2297 5805 2317 5837 ⁸
2353 5802 2511 5873 Cod.,
2531 5802 2689 5874 male,
2711 5803 2766 5859 in
2802 5801 3043 5861 Domino.
