4018 6472
165 351 304 409 H77

1369 351 1748 413 LECTIONES
1784 353 2199 418 VARIAN’I‘ES.

3273 361 3411 420 H78

163 476 408 536 quantum
447 483 574 523 vena
603 466 742 524 dives
769 467 1006 536 effuderit
1025 508 1041 535 ,
1071 468 1160 524 sed
1189 478 1437 541 quantum
1455 458 1737 527 arescentes
1762 471 1811 534 Α
1837 489 2080 548 sgnarum
2105 492 2261 548 opera
2295 477 2548 546 quomodo
2575 477 2841 547 facturus?
2861 476 2956 534 Cui
2983 476 3181 547 frangis
3205 491 3408 546 panem,

163 561 250 615 siti
280 560 471 631 mitiget
511 560 706 630 fauces,
763 576 827 615 ne
872 563 1005 633 forte
1052 561 1170 630 plus
1215 563 1356 634 juste
1407 573 1610 635 sumpta
1646 565 1740 634 fiat

163 653 388 723 potantis
415 651 596 707 salutis
637 653 775 706 unda
824 653 1093 724 pernicies.
1131 653 1200 709 Et
1235 655 1477 727 quoniam
1519 657 1742 714 solemne

163 753 382 813 tempus,
415 751 521 799 etc.

235 834 443 892 Deinde
465 836 580 891 haec
611 838 832 906 insuper
851 836 1073 894 variant.

233 923 500 1010 Edita
528 926 578 980 l.
621 926 911 982 Dimicatu-
1054 926 1188 1010 de.
1249 929 1597 988 Dimicaturus
1642 949 1731 988 ac-

160 1005 662 1152 Ὕῖηξῗῖῗιῖῗῃυιει
691 1069 754 1123 de
771 1084 908 1152 _apo-
984 1000 1453 1152 cf'itd?‘ilbiun_ihi_l
1506 1074 1568 1152 de
1610 1091 1739 1144 apo-

158 1139 336 1208 thecis,
363 1139 490 1196 nihil
512 1139 578 1196 de
610 1139 834 1198 sacculo.
982 1143 1141 1213 thecis
1164 1183 1180 1206 ,
1228 1142 1359 1198 nihil
1405 1144 1470 1199 de
1521 1139 1735 1213 horri-o,

981 1211 1114 1267 nihil
1141 1214 1205 1268 de
1233 1214 1444 1271 cellario
1467 1256 1483 1282 ,
1510 1215 1642 1271 nihil
1671 1211 1737 1272 de

982 1285 1210 1352 sacculo,
1243 1293 1349 1344 etc.
1423 1309 1432 1317 -

681 1394 914 1452 SERMO
951 1395 1202 1454 CCXVII.

223 1509 442 1581 Legitur
465 1507 518 1565 in
544 1507 666 1564 cod.
689 1508 845 1566 Cass.
875 1525 972 1581 xu,
1005 1510 1100 1568 fol.
1125 1511 1216 1567 93.

223 1603 371 1678 Edit.
396 1602 460 1658 N.
493 1600 764 1678 I.‘Genuit
791 1604 908 1678 qui-
998 1653 1027 1678 ,Α
1051 1605 1183 1663 Cod.
1218 1676 1227 1678 Α
1271 1604 1457 1662 Genuit
1529 1609 1734 1678 quidem

150 1675 272 1730 dem
303 1675 492 1750 fontem
536 1675 669 1744 fons,
725 1675 824 1750 sed
861 1685 908 1730 et
981 1675 1174 1750 fontem
1203 1676 1319 1746 fons
1343 1718 1358 1744 ,
1387 1678 1478 1732 sed
1505 1675 1553 1731 et
1583 1696 1737 1750 gene-

147 1762 398 1819 generans
438 1746 575 1820 fons,
615 1753 666 1820 et
707 1745 908 1816 genitus
979 1763 1102 1802 rans
1125 1745 1262 1820 fons.
1291 1757 1342 1803 et
1361 1750 1565 1819 genitus
1583 1745 1729 1820 fons,

150 1816 269 1888 fons
284 1833 305 1872 :
321 1816 767 1888 quemadmodum,
799 1824 902 1872 etc.

978 1891 1204 1958 modum,
1239 1900 1343 1946 etc.

1047 1959 1125 2017 Id.
1155 1961 1386 2016 Audistis
1431 1962 1554 2031 quid
1588 1964 1731 2020 nobis

977 2033 1141 2103 oravit
1163 2034 1326 2103 ,‘imo
1351 2034 1475 2103 quid
1512 2051 1568 2090 se
1604 2037 1732 2090 velle

977 2101 1106 2157 dixit
1138 2121 1155 2158 :
1178 2101 1372 2170 Pater,
1388 2121 1515 2172 quos
1545 2106 1734 2160 dedisti

220 1959 286 2014 Ν.
312 1959 369 2014 2.
392 1958 626 2014 Audistis
645 1958 776 2030 quid
807 1976 903 2028 pro

150 2031 298 2088 nobis
360 2040 529 2102 oraret
561 2071 601 2102 ,ί
628 2030 731 2086 imo
782 2033 906 2102 quid

146 2105 319 2158 vellet.
353 2101 500 2157 Dixit
525 2117 543 2157 :
573 2101 747 2168 Pater,
777 2101 905 2172 quos

145 2175 342 2230 dedisti
367 2173 514 2238 mihi,
559 2173 672 2228 volo
719 2182 774 2226 ut
819 2173 906 2226 ubi
976 2174 1144 2238 mihi,
1195 2175 1308 2230 volo
1372 2186 1426 2229 ut
1478 2177 1566 2230 ubi
1617 2193 1732 2232 sum

143 2262 256 2317 sum
309 2261 402 2317 ego
429 2283 446 2311 ,
497 2243 566 2317 ibi
623 2243 907 2317 sintuipsi.
974 2261 1089 2317 ego,
1124 2245 1197 2300 ibi
1223 2247 1325 2300 sint
1348 2247 1535 2315 et.ipsi.
1575 2245 1730 2315 Volo,

150 2314 314 2384 Volo,
338 2303 531 2390 "inquit
557 2323 659 2390 ,_ut
691 2314 776 2368 ubi
803 2303 896 2384 ego
974 2303 1170 2390 Pater;
1204 2317 1341 2390 quod
1366 2303 1449 2390 uisi
1467 2319 1623 2390 facio,
1652 2303 1736 2388 fac

142 2403 279 2454 eum,
318 2397 365 2443 et
412 2387 514 2456 ipsi
553 2387 650 2440 sint
676 2401 890 2442 mecum.
964 2387 1105 2456 quod
1124 2387 1261 2461 uolo.
1283 2387 1518 2461 Quid?ut
1540 2388 1626 2443 ubi
1642 2387 1734 2461 ego

963 2474 1104 2524 sum,
1134 2468 1182 2514 et
1208 2459 1309 2525 ipsi
1324 2459 1427 2514 sint
1444 2475 1662 2515 mecum.

1037 2529 1114 2585 Id.
1140 2529 1264 2584 Post
1305 2531 1727 2586 resurrectionem

969 2600 1224 2658 laudatio.
1268 2599 1530 2656 Nonnulli
1581 2601 1737 2658 Citrio

851 2722 856 2724 _
969 2673 1287 2735 stianorum,
1331 2673 1548 2742 fratres,
1595 2674 1738 2728 testi-

142 2753 342 2800 mantes
359 2743 651 2816 Divinitatis
664 2752 916 2815 pracepta
926 2745 1213 2816 religiosius
1225 2742 1488 2798 observare
1499 2786 1511 2806 ,
1527 2753 1737 2813 prwter—

147 2817 310 2871 missa
332 2815 594 2870 devotione
610 2815 1038 2888 quadragesima,
1062 2816 1211 2887 cujus
1240 2831 1374 2869 nunc
1395 2823 1592 2888 tempus
1620 2831 1740 2886 per-

141 2888 341 2943 solvere
361 2895 541 2940 curant
573 2928 587 2950 ,
615 2887 1093 2956 quinquagesimam
1117 2904 1170 2940 se
1198 2887 1367 2956 facere
1394 2887 1737 2940 mentiuntur:

143 2975 266 3013 cum
294 2959 345 3010 id
372 2973 529 3026 neque
567 2957 747 3011 divinis
768 2957 1034 3026 jubeatur,
1076 2972 1236 3024 neque
1275 2958 1522 3012 traditum
1549 2958 1616 3010 sit
1644 2973 1740 3012 au-

144 3031 386 3084 ctoritate
418 3030 699 3098 majorum.
739 3027 867 3082 Sola
904 3029 1060 3098 igitur
1085 3027 1244 3080 animi
1271 3027 1468 3096 faciunt
1493 3042 1739 3097 praesum-

143 3101 342 3170 ptione.
369 3099 434 3154 Et
465 3099 585 3154 dum
605 3107 785 3166 putant
809 3115 862 3154 se
892 3099 1118 3154 devotius
1143 3113 1310 3170 agere,
1343 3099 1740 3170 superstitiosiue

212 2529 282 2584 N.
308 2529 362 2584 5.
398 2527 527 2583 Post
563 2528 894 2585 resurrectio-

141 2617 258 2658 nem
286 2600 538 2656 laudatio.

978 1822 1391 1920 istnfgns
1436 1836 1456 1875 .°
1483 1822 1728 1890 quemad-
1757 1859 1808 1920 Β

1843 546 2321 621 ubi_nemo'eget?
2369 549 2530 621 Quem
2576 546 2750 604 uisitas
2795 546 3010 620 agrum,
3039 549 3144 621 ubi
3169 559 3413 621 perpetua

1840 617 2036 689 sanitas
2056 617 2381 689 perseverat?
2406 620 2565 684 Quem
2589 621 2766 689 sepelis
2792 617 3070 685 mortuum,
3094 617 3179 673 ubi
3204 620 3413 674 immor-

1841 688 2013 742 talitas
2041 688 2298 757 nunquam
2337 693 2594 746 moritur?
2623 688 2844 747 Pereunt
2869 707 3026 762 opera
3064 691 3412 756 necessitatis;

1840 773 2009 834 opera
2033 763 2511 834 auteminiquitatis
2536 763 2581 816 si
2610 763 2691 815 hic
2719 763 2915 834 feceris,
2950 762 3056 816 illic
3103 777 3204 834 non
3242 778 3414 834 perite:

1839 830 1938 902 nis.
1971 831 2110 896 Quid
2147 833 2219 886 ibi
2258 830 2442 902 facturi
2487 849 2680 896 sumus,
2709 830 2858 887 dicite
2899 834 3060 886 mihi?
3095 830 3414 888 dormituri?

1842 899 1944 975 [die
1965 903 2099 957 enim
2125 899 2352 958 homines
2378 920 2479 958 non
2503 904 2739 958 habentes
2759 903 2894 973 quod
2923 912 3095 975 agant,
3121 905 3411 970 dormiunt;

1838 970 1909 1027 ibi
1931 989 2138 1029 somnus
2159 991 2258 1030 non
2282 985 2374 1038 est,
2402 975 2522 1042 quia
2541 976 2684 1046 nulla
2709 970 3092 1044 defectiofNon
3115 990 3233 1046 ergo
3254 992 3412 1044 opera

1840 1046 2146 1117 necessitatis
2173 1047 2358 1114 acturi,
2388 1063 2488 1100 non
2529 1045 2819 1106 dormituri.
2843 1047 2966 1117 quid
2992 1045 3181 1117 facturi
3202 1049 3412 1102 sumus?

1842 1113 2008 1170 Nemo
2035 1113 2350 1189 expavescat
2372 1117 2622 1189 taedium;
2662 1135 2806 1172 nemo
2847 1113 3056 1184 putet—et
3085 1116 3165 1189 ibi
3177 1118 3414 1189 futurum

1839 1188 2068 1242 ttedium.
2103 1187 2380 1254 Numquid
2410 1189 2560 1242 modo
2589 1190 2767 1243 tardius
2806 1205 2962 1243 sanus
2983 1203 3109 1242 esse.
3144 1187 3325 1241 Omnia
3358 1191 3413 1244 in

1838 1260 2024 1328 steculo
2050 1258 2232 1312 habent
2261 1259 2526 1328 fastidium
2562 1265 2790 1314 :sanitas
2819 1277 2920 1314 non
2951 1259 3094 1313 habet
3125 1259 3408 1328 fastidium.

1838 1327 1900 1384 Si
1934 1331 2127 1399 sanitas
2157 1327 2268 1384 noni
2305 1329 2453 1383 habet
2495 1330 2758 1399 fastidium
2779 1373 2793 1397 ,
2821 1327 3176 1385 immortalitas
3216 1329 3412 1386 habebit

1839 1398 2140 1471 fastidium?
2173 1400 2300 1466 Qute
2324 1401 2419 1455 erit
2447 1398 2724 1471 ergoactio
2763 1403 2972 1456 nostra?
2993 1403 3149 1455 Amen
3166 1442 3182 1467 ,
3212 1410 3259 1454 et
3286 1401 3414 1456 alle-

1837 1469 1965 1525 luia.
1999 1469 2098 1526 Hic
2128 1471 2260 1525 enim
2300 1469 2706 1542 agimus—aliud,
2742 1472 2810 1526 ibi
2836 1473 2998 1537 aliud,
3043 1488 3145 1526 non
3178 1472 3290 1524 dico
3330 1473 3414 1542 die

1835 1547 1884 1594 et
1909 1551 2071 1604 nocte,
2101 1542 2190 1594 sed
2218 1543 2300 1596 die
2331 1541 2440 1596 sine
2466 1542 2588 1611 ﬁne.
2622 1542 2752 1607 Quae
2780 1544 2930 1596 modo
2961 1551 3226 1612 potestates
3263 1541 3413 1597 (telo-

1834 1613 1987 1666 rum?
2016 1612 2287 1681 Seraphim
2313 1613 2421 1666 sine
2449 1613 2598 1666 ta’dio
2646 1614 2819 1668 dicunt
2845 1629 2861 1667 :
2887 1612 3141 1675 Sanctus,
3174 1625 3409 1678 sanctus,

1835 1692 2054 1738 sanctus
2087 1683 2229 1754 Deus
2271 1682 2502 1754 Sabaoth
2534 1684 2716 1754 (Apoc.
2746 1699 2817 1750 tv,
2849 1685 2929 1750 8).
2960 1683 3074 1738 Hoc
3100 1683 3275 1736 dicunt
3305 1684 3414 1737 sine

1834 1755 2007 1825 taedio.
2076 1752 2342 1824 Numquid
2384 1752 2821 1825 modofatigatur
2868 1755 3046 1825 pulsus
3088 1770 3226 1808 oena:
3269 1755 3414 1809 tuat?

1837 1823 2094 1888 Quamdiu
2120 1823 2242 1878 vivis
2270 1825 2448 1892 pulsus
2484 1824 2628 1879 habet
2659 1823 2783 1878 uena
2812 1823 2919 1879 tua.
2953 1825 3161 1896 Aliquid
3187 1825 3332 1893 facis,
3364 1833 3414 1879 et

1835 1897 2103 1967 fatigando
2135 1897 2388 1968 fatigaris,
2433 1904 2480 1948 et
2519 1896 2821 1968 requiescit,
2853 1906 2901 1949 et
2933 1895 3068 1949 redis
3091 1895 3160 1948 ad
3186 1911 3332 1968 Opus,
3363 1907 3412 1951 et

1833 1965 1956 2020 vena
1986 1978 2074 2020 tua
2103 1983 2204 2020 non
2232 1965 2498 2038 fatigatur.
2544 1965 2810 2033 Quomodo
2839 1982 2964 2020 vena
2990 1976 3078 2020 tua
3106 1982 3207 2020 non
3227 1967 3412 2038 fatiga-

1834 2045 1917 2091 tur
1942 2038 1998 2092 in
2026 2039 2190 2092 salute
2221 2037 2437 2108 tua,’sici
2453 2037 2632 2108 lingua
2659 2047 2766 2102 tua,
2795 2045 2840 2090 et
2866 2053 2952 2108 cor
2981 2047 3122 2090 tuum
3160 2054 3257 2108 non
3289 2037 3411 2108 fati-

1834 2117 1989 2180 gatur
2032 2110 2086 2162 in
2136 2108 2374 2180 laudibus
2406 2106 2605 2180 Dei,'in
2632 2106 3180 2180 immortalitatetua.
3227 2106 3412 2180 Audite

1835 2176 2176 2235 iestimoniunt
2203 2179 2390 2250 negotii
2420 2179 2590 2251 uestri.
2618 2176 2754 2242 Quid
2778 2189 2850 2233 est
2879 2178 3069 2251 negotii
3093 2179 3291 2251 nostri?
3314 2179 3411 2251 hoc

1835 2252 2113 2322 negotium,
2141 2247 2299 2304 otium
2323 2259 2396 2322 est
2418 2248 2458 2302 ⁸.
2487 2247 2719 2302 Otiosum
2738 2247 2990 2322 negotium
3015 2250 3175 2322 quid?
3195 2249 3412 2322 laudare
3507 2271 3512 2276 ’

1837 2318 2027 2384 Déum.
2060 2321 2248 2377 Audite
2271 2321 2392 2375 inde
2419 2322 2720 2374 sententiam
2742 2337 2760 2374 :
2784 2320 2928 2376 Beati
2973 2321 3061 2388 qui
3093 2319 3330 2374 habitant
3358 2318 3410 2374 in

1835 2391 1995 2464 domo
2023 2401 2110 2464 tua
2141 2392 2312 2464 (Psal.
2340 2406 2560 2464 unm.
2587 2391 2646 2462 5)
2661 2407 2699 2464 ;_
2710 2392 2936 2464 psalmus
2956 2390 3048 2445 hoc
3076 2390 3242 2444 dicit:
3265 2390 3411 2464 Beati

1836 2463 1926 2532 qui
1952 2459 2195 2523 habitant
2223 2463 2278 2518 in
2322 2462 2482 2518 domo
2512 2459 2635 2515 tua.
2652 2459 2720 2516 Et
2747 2463 2892 2532 quasi
2918 2477 3252 2532 quaereremus
3281 2461 3412 2532 unde

1838 2531 2006 2604 beati?
2035 2533 2258 2590 Multum
2285 2534 2398 2589 auri
2427 2532 2716 2588 habebunt?
2745 2531 2843 2599 Qui
2871 2533 3088 2604 multum
3113 2549 3295 2604 aurum
3319 2531 3412 2586 ha-

1838 2603 1972 2671 bent,
2005 2607 2221 2660 multum
2241 2615 2362 2660 sunt
2388 2604 2598 2658 miseri:
2619 2604 2761 2658 Beati
2784 2613 2907 2659 sunt
2928 2603 3142 2672 isti,qui
3174 2603 3412 2658 habitant

1838 2676 1891 2730 in
1921 2676 2082 2732 domo
2111 2685 2220 2732 tua.
2255 2675 2403 2731 Unde
2443 2675 2608 2729 beati?
2637 2672 2767 2728 Hac
2795 2684 2865 2728 est
2887 2674 3140 2727 beatitudo
3163 2674 3369 2728 illorum
3393 2689 3412 2729 .'

1840 2745 1897 2802 In
1943 2749 2138 2818 szecula
2186 2747 2503 2802 saeculorum
2553 2744 2854 2818 laudabunt,
2887 2742 3192 2818 te_(lbid.).
3227 2743 3272 2797 0
3313 2759 3412 2818 pas

1837 2819 1947 2872 sine
1968 2813 2210 2889 fastidio!
2232 2835 2262 2872 ο
2286 2818 2544 2887 indefessa
2565 2815 2800 2880 dulcedo,
2819 2813 3035 2898 Domine
3057 2814 3191 2870 Deus
3212 2813 3412 2896 noster!

1841 2886 2038 2943 Forma
2068 2907 2160 2944 nos
2188 2889 2255 2942 ad
2285 2897 2353 2953 te,
2376 2887 2660 2958 reformatis
2689 2889 2755 2940 ad
2782 2886 3049 2958 videndum
3075 2896 3412 2958 te,_quontam

1841 2976 1956 3014 cum
1982 2962 2253 3016 viderimus
2281 2927 2361 3024 te’,
2388 2927 2488 3012 nbn
2531 2968 2814 3011 avertemur
2840 2973 2871 3010 a
2901 2965 2967 3011 te.
3015 2927 3309 3010 Amtibimus
3337 2966 3409 3023 te,

1841 3040 1888 3086 et
1929 3031 2161 3103 fruemur
2207 3040 2284 3097 te,
2325 3041 2372 3088 et
2413 3027 2868 3103 sine_lassitudine
2906 3028 3199 3103 amabimus
3227 3037 3307 3092 te;
3334 3042 3410 3081 re-
3513 3063 3518 3069 ι

1843 3099 2028 3175 gnaute
2056 3104 2278 3175 Domino
2301 3113 2480 3175 nostro
2523 3101 2648 3175 Iesu
2679 3104 2878 3156 Christo
2897 3141 2913 3166 ,
2940 3099 3022 3175 cui
3071 3108 3142 3156 est
3179 3100 3339 3156 honor
3364 3105 3412 3156 et

140 3169 533 3246 conversantur.
580 3171 718 3246 Dicit
747 3186 801 3225 se
820 3169 1632 3246 observareQuinquagegmam,
1653 3171 1740 3239 qui
1771 3241 1803 3246 _
1843 3169 2025 3244 gloria,
2051 3191 2140 3246 per
2164 3173 2366 3241 infinita
2390 3173 2579 3227 saecula
2607 3174 2927 3227 saeculorum.
2950 3173 3130 3227 Amen.

141 3243 278 3325 forte
323 3243 776 3325 Quadragesimam
812 3241 1041 3325 implere.
1071 3242 1156 3295 via:
1203 3239 1385 3325 possit:
1431 3239 1638 3325 Bonum
1658 3250 1733 3296 est
1756 3241 1806 3306 ο

137 3314 353 3396 quidem
388 3310 584 3396 cunctis
625 3313 1239 3396 temporibus‘jejunar'e,
1268 3310 1358 3364 sed
1385 3312 1562 3396 inclitis
1594 3311 1735 3396 Qlua-

139 3380 492 3453 dragesimam
516 3380 748 3454 ieju_nare
767 3399 883 3436 cum
903 3380 1127 3438 Christo.
1152 3380 1306 3454 Hanc
1336 3381 1469 3435 enim
1497 3381 1735 3454 Quadra-g

133 3451 391 3528 gesiinam
421 3451 568 3528 nobis
594 3452 846 3528 Dominus
876 3469 978 3528 su_o_
995 3451 1734 3528 jejunio.consecravit._Quod

134 3521 258 3581 dixi
280 3523 497 3647 jegznio,
519 3524 884 3607 noti-ieiuniis.
931 3521 1262 3606 Ununtenim
1277 3521 1444 3647 ﬁCod.
1477 3521 1572 3594 est]
1590 3524 1736 3647 jeju-

137 3597 293 3647 nium
407 3611 530 3647 mtnt
563 3597 686 3647 t'utt.
717 3611 804 3647 aut
835 3597 1142 3647 continuatis
1170 3609 1273 3647 aua
1313 3603 1516 3647 raamta
1557 3595 1640 3647 die
1677 3611 1736 3647 us

137 3597 293 3652 nium
319 3595 530 3648 Domini
561 3595 686 3663 fuit,
717 3596 804 3665 qui
835 3596 1142 3649 continuatis
1170 3595 1370 3665 quadra
1407 3595 1516 3647 inta
1557 3595 1736 3651 diebus

136 3679 188 3723 et
221 3665 455 3720 noctibus
499 3664 665 3718 cibum
711 3665 918 3720 omnino
943 3682 1045 3720 non
1073 3666 1312 3734 sumpsit.
1349 3611 1591 3735 (fuisquis
1615 3682 1736 3736 ergo

137 3736 470 3808 Christianus
523 3736 916 3808 consecrandam
952 3736 1247 3808 jejunando
1293 3751 1396 3789 non
1456 3736 1738 3808 impleverit

142 3807 610 3880 Quadragesimam
634 3851 651 3880 ,
682 3807 1114 3880 prtevarica’tionis
1157 3816 1208 3862 et
1246 3807 1580 3880 contumacia;
1619 3823 1736 3862 reus

141 3877 417 3951 tenebitur,
449 3879 584 3951 quod
629 3877 789 3951 legem
816 3877 1067 3951 divinitus
1091 3893 1192 3951 pro
1229 3877 1395 3951 salute
1417 3893 1509 3951 sua
1534 3877 1731 3951 datam,

140 3950 446 4035 prandendo
473 3950 596 4035 ipse
617 3948 901 4035 .rés'eindit:
951 3948 1402 4035 Rescindis‘eninlt‘
1432 3949 1624 4035 legem,
1642 3950 1736 4035 qui

141 4017 436 4103 exemplum
464 4017 650 4092 jejunii
674 4017 898 4103 .Domini
927 4036 1033 4101 non
1057 4019 1308 4075 custodis.
1357 4017 1539 4102 Qualis
1565 4017 1734 4101 autem

142 4088 470 4170 Christianus
492 4106 568 4157 es,
599 4107 692 4170 qui
711 4089 935 4170 Domino
963 4094 1245 4170 jejunante,
1274 4089 1527 4170 prandii}?
1553 4089 1736 4170 Qualis

143 4163 469 4232 Christianus
497 4177 574 4228 es,
603 4158 714 4232 qui,
738 4160 943 4216 Christo
992 4158 1243 4216 esuriente
1277 4158 1335 4214 te
1354 4158 1504 4232 [Cod.
1539 4158 1618 4231 tu]
1657 4177 1737 4215 re—

143 4233 301 4304 ﬁcis?
330 4231 432 4287 tlte
456 4249 550 4303 pro
593 4233 760 4287 salute
790 4242 880 4286 tua
920 4233 1115 4304 famem,
1146 4231 1384 4298 sustinet,
1415 4239 1590 4304 tupro
1618 4247 1737 4304 pec-

146 4303 279 4358 catis
303 4304 400 4376 tuis
418 4304 953 4376 jejunareformidas.
972 4303 1330 4376 Abstineamus
1343 4318 1375 4376 a_
1386 4303 1519 4376 vitiis
1544 4303 1736 4376 cnrnis,

147 4384 203 4428 ut
233 4372 524 4444 repleantur
543 4375 604 4428 de
623 4372 814 4428 divitiis
837 4375 1058 4428 internis.
1088 4372 1154 4427 In
1179 4372 1274 4444 illa
1295 4373 1427 4444 enim
1447 4373 1547 4426 vita
1568 4373 1736 4440 ipsum

145 4446 244 4516 erit
292 4442 561 4516 negotium
593 4455 826 4516 nostrum
875 4445 929 4498 in
974 4459 1129 4516 regno
1170 4442 1268 4498 Dei
1296 4443 1484 4516 videre,
1537 4459 1733 4516 amare,

146 4513 388 4572 laudare.
423 4515 562 4584 Quid
590 4516 726 4570 enim
767 4515 836 4569 ibi
864 4513 1047 4569 acturi
1070 4516 1284 4569 sumus?
1310 4513 1378 4569 In
1403 4515 1502 4568 isto
1545 4515 1735 4570 saeculo

146 4602 305 4657 opera
341 4588 448 4641 alia
477 4595 595 4642 sunt
623 4586 934 4641 necessitatis
957 4624 975 4652 ,
1005 4585 1113 4638 alia
1140 4594 1258 4638 sunt
1285 4585 1599 4657 iniquitatis.
1612 4584 1736 4657 Ne-

151 4653 402 4712 cessitatis
428 4673 584 4728 opera
610 4673 722 4728 qua:
765 4657 921 4711 sunt?
947 4657 1217 4721 seminare,
1249 4671 1420 4728 arare,
1452 4653 1729 4728 nouellare,

147 4729 416 4806 nauigare,
441 4724 650 4806 molere,
679 4743 912 4799 coquere,
935 4736 1102 4806 texere
1119 4767 1134 4789 ,
1163 4735 1210 4780 et
1239 4727 1283 4781 si
1306 4742 1408 4796 qua
1432 4724 1622 4806 similia
1648 4741 1736 4780 ne-

150 4797 491 4870 cessitatis,“
521 4800 613 4870 i_lla
655 4797 814 4870 opera
856 4807 1031 4854 nostra
1075 4798 1206 4870 bona
1253 4797 1572 4870 necessitatis
1616 4806 1736 4850 sunt

149 4868 310 4942 [Cod.
343 4868 463 4941 est].
512 4864 772 4942 Frangere
816 4885 1011 4942 panem
1051 4867 1290 4942 esurienti
1339 4883 1439 4920 non
1483 4864 1636 4942 habes
1680 4876 1736 4922 tu

151 4937 623 5007 necessitatEm,sed
646 4937 792 4995 habet
810 4937 916 5004 ille,
931 4939 1013 4994 cui
1046 4939 1242 5008 frangis
1262 4953 1481 5007 panem;
1509 4937 1733 5008 recipere

149 5014 496 5083 peregrinum,
519 5013 700 5067 vestire
728 5011 950 5083 nudum,
961 5007 1212 5083 redimere
1224 5009 1504 5083 captivum,
1529 5007 1733 5064 visitare

149 5079 362 5154 agrum,
386 5083 512 5138 dare
531 5083 801 5138 consilium
826 5081 1152 5154 deliberanti,
1176 5079 1390 5134 liberare
1409 5095 1727 5147 oppressum,

151 5155 322 5208 omnia
347 5155 445 5210 ista
494 5155 563 5208 ad
591 5154 962 5222 eleemosynant
1005 5153 1287 5222 pertinent;
1317 5166 1470 5222 Opera
1495 5161 1612 5222 sunt
1640 5167 1731 5206 ne-

151 5226 418 5278 cessitatis.
462 5223 754 5294 lniquitatis
801 5220 914 5292 qua:
959 5223 1118 5294 sunt?
1167 5221 1366 5294 furatj,
1410 5220 1732 5294 latrocinari,

151 5296 416 5356 inebriari,
443 5289 571 5350 alea'
601 5289 990 5364 ludere,'ftenus
1028 5289 1247 5364 erigere.
1280 5289 1348 5345 Et
1385 5292 1497 5362 quis
1526 5306 1732 5347 enume-

151 5374 230 5419 rat
275 5367 448 5421 omnia
494 5369 631 5435 facta
676 5361 1000 5436 iniquitatis?
1025 5361 1230 5436 _In'illo
1266 5361 1423 5436 regno
1455 5377 1555 5416 non
1584 5371 1736 5419 erunt

153 5451 311 5504 opera
337 5433 800 5506 necesiitatis,quia
823 5434 969 5506 nulla
996 5433 1064 5488 ibi
1084 5436 1180 5506 erit
1206 5433 1432 5506 miseria,
1457 5448 1564 5506 non
1587 5442 1737 5506 erunt

153 5501 311 5576 opera
338 5508 636 5576 iniquitatis,
654 5501 775 5577 quia
801 5505 947 5560 nulla
971 5505 1040 5558 ibi
1065 5505 1157 5559 erit
1179 5504 1433 5577 molestia.
1467 5501 1566 5577 bi
1589 5503 1736 5577 nulla

153 5573 249 5631 erit
296 5573 525 5645 miseria,
552 5573 677 5632 nou'
698 5587 816 5632 sunt
863 5592 1019 5648 opera
1067 5574 1381 5648 necessitatis
1397 5591 1425 5648 ί
1460 5573 1546 5648 ubi
1588 5573 1737 5629 nulla

153 5648 372 5716 malitia,
395 5644 646 5703 nonsunt
667 5664 822 5716 opera
843 5644 1144 5718 iniquitatis.
1181 5644 1320 5718 Quid
1343 5645 1479 5718 enim
1507 5646 1736 5718 facturus

153 5727 208 5770 ut
251 5713 544 5788 manducet,
573 5713 779 5790 quando
825 5713 970 5774 nemo
993 5718 1192 5773 esurit?
1230 5713 1338 5771 Illa
1367 5716 1482 5786 ipsa
1507 5713 1738 5772 'elcemo-

1759 4623 1815 4686 D
1840 4611 2041 4686 minictz
2060 4654 2076 4681 ,
2099 4611 2352 4681 quomodo
2373 4618 2562 4686 petant
2575 4626 2593 4672 ,-

2375 3279 2602 3338 SERMO
2633 3277 2884 3334 CCXXV.

1909 3394 2126 3465 Legitur
2171 3393 2226 3450 in
2272 3391 2395 3450 cod.
2441 3391 2594 3450 Cass.
2650 3405 2812 3458 xctx,
2871 3389 2964 3444 τοι.
3021 3391 3088 3445 57
3141 3404 3172 3445 a
3226 3399 3409 3461 tergo,

1837 3489 1950 3558 ubi,
2005 3486 2271 3558 posthaec
2313 3484 2500 3551 verba,
2530 3484 2700 3555 Aquo
2747 3492 2889 3538 tanto
2937 3482 3122 3552 opere?
3149 3482 3411 3539 adduntur

1837 3578 1954 3636 haec
1980 3576 2283 3635 necessaria
2309 3615 2324 3642 ,
2355 3589 2478 3646 qua:
2507 3573 2704 3630 desunt
2745 3574 2800 3628 ln
2829 3571 2980 3638 edit.,
3013 3572 3058 3627 Α
3083 3587 3234 3628 carne
3261 3571 3412 3628 Chri-

1836 3685 1922 3732 ω.
2318 3759 2552 3818 SERMO
2599 3757 2925 3816 CCXXVII".

1908 3881 2124 3951 Legitur
2153 3879 2206 3935 in
2234 3877 2352 3934 cod.
2387 3877 2538 3933 Cass.
2565 3892 2659 3944 vn,
2692 3875 2783 3931 fol.
2809 3875 2937 3930 2l8.

1910 3973 2051 4029 Edit.
2083 3971 2150 4029 N.
2180 3973 2229 4028 I.
2280 3970 2348 4027 In
2375 3971 2480 4026 illis
2519 3980 2592 4025 est
2735 3967 2870 4024 Cod.
2900 3967 2965 4022 In
2996 3967 3098 4022 illis
3133 3983 3262 4022 nova
3291 3968 3412 4026 vita.

1839 4055 2056 4110 novata;
2104 4052 2160 4099 et
2203 4045 2256 4114 in
2305 4057 2421 4096 var.
2460 4039 2592 4096 edit.
2666 4038 2804 4095 Vera
2833 4049 2885 4095 et
2915 4039 3150 4110 perfecta
3183 4039 3362 4114 lectio.

1838 4130 2055 4170 sensum
2103 4113 2405 4169 claudicare
2449 4125 2596 4166 asse-

1838 4196 1986 4242 runt.
2016 4184 2345 4241 Benedictini
2377 4189 2676 4252 proponunt
2703 4183 3110 4250 correctionem,
3162 4178 3321 4238 Fides
3342 4195 3414 4238 est

1838 4266 2046 4312 novata.

1908 4325 2043 4382 Ibid.
2070 4325 2194 4381 Noli
2225 4327 2411 4398 facere,
2426 4323 2593 4396 bapti-

1837 4407 1983 4452 zatus
2009 4413 2081 4452 σε.

1908 4468 1974 4523 Ν.
2034 4468 2086 4522 5.
2137 4465 2489 4522 Tractavimus
2536 4467 2599 4520 de

1839 4549 2156 4594 sacramento
2211 4538 2455 4593 orationis
2503 4539 2597 4591 do-

2736 4323 2812 4378 ld.
2849 4321 2976 4378 Noti
3002 4338 3229 4392 peccare,
3253 4323 3414 4394 bapti-

2666 4405 2811 4450 satus
2835 4412 2910 4451 σε.

2737 4465 2817 4521 Id.
2864 4462 3213 4521 Tractavimus
3242 4464 3304 4519 de
3333 4481 3414 4520 sa.

2667 4548 2924 4592 cramento
2979 4537 3219 4592 orationis
3253 4538 3415 4591 domi-

2668 4611 2814 4673 nica’,
2845 4625 3022 4678 quem,
3053 4617 3100 4662 et
3142 4608 3415 4676 quomodo,

2667 4689 2716 4733 et
2737 4679 2916 4744 quales
2929 4679 3143 4731 debeant
3165 4679 3415 4743 invocare,

2669 4750 2992 4801 tractavimus
3016 4748 3078 4800 de
3103 4756 3415 4801 sacramento

2667 4818 2822 4888 fontis
2847 4827 2893 4872 et
2922 4817 3172 4890 baptismi.

2370 4931 2600 4988 SEBIO
2627 4928 2884 4988 CCXXX.

1907 5030 2125 5103 Legitur
2171 5029 2225 5086 in
2271 5026 2393 5084 cod.
2442 5027 2705 5097 Florent.,
2737 5025 2875 5082 Bibl.
2920 5025 3120 5092 Fesul.,
3148 5024 3268 5081 cod.
3305 5040 3370 5080 xx
3394 5064 3412 5094 ,

1839 5124 1933 5182 fol.
1967 5121 2070 5178 122
2093 5123 2144 5178 b.

1914 5217 2056 5272 Edil.
2101 5215 2166 5273 Ν.
2194 5214 2337 5270 unic.
2389 5213 2476 5269 Ita
2503 5214 2594 5269 illo

1841 5287 2415 5412 adjurantelJaciemus.
2667 5285 2904 5354 facimus.

1911 5359 2044 5412 Ibid.
2163 5375 2232 5412 ou
2280 5367 2451 5410 tamen
2488 5357 2597 5411 sine
2740 5354 2904 5410 ld.Nt

1911 5353 2044 5415 Ibid.
2107 5353 2232 5413 Non
2280 5367 2451 5410 tamen
2488 5357 2597 5411 sine
2668 5353 2674 5354 ί
2740 5353 3415 5410 ld.Nontamensinecausa

1841 5447 1997 5486 causa
2021 5429 2084 5484 de
2111 5429 2284 5500 aliqua
2318 5428 2592 5500 pracipue.
2668 5426 2933 5500 siculique
2956 5425 3041 5500 die
3069 5425 3340 5500 prtecipue.

1916 5500 2057 5585 Ibid,
2115 5493 2236 5585 Ne;
2261 5493 2485 5570 feceritis
2541 5497 2596 5552 in
2687 5569 2700 5585 .
2841 5493 2928 5553 Ne
2956 5495 3176 5564 feceritis
3203 5494 3256 5548 in
3282 5493 3413 5548 desi-

2078 5580 2469 5714 gg'iifacitis,
2489 5649 2593 5696 toto
2665 5569 2963 5714 ἀεῖΐήοε
3005 5639 3050 5690 si
3098 5635 3284 5705 facitis,
3309 5642 3412 5695 toto

1839 5715 1992 5771 corde
2014 5713 2252 5769 cantatis.
2279 5709 2288 5714 ⁷
2665 5709 2818 5766 corde
2839 5716 3056 5769 cantate,

1839 4691 1886 4735 et
1916 4681 1979 4734 de
2003 4680 2319 4736 sacramento
2362 4680 2519 4749 fontis
2549 4687 2596 4732 et

1841 4752 2094 4822 baptismi.

2734 5212 2865 5268 Cod.
2927 5210 3012 5267 Ita
3071 5213 3164 5268 illo
3201 5214 3416 5284 juranle

229 5858 244 5892 ί
280 5855 400 5911 Vid.
451 5855 509 5914 S.
557 5856 780 5928 August.
819 5852 1012 5913 Enerr.
1059 5855 1112 5911 in
1144 5855 1277 5928 psal.
1308 5869 1398 5924 cu,
1427 5868 1481 5909 n.
1514 5852 1566 5924 Ι,
1596 5858 1652 5908 et
1675 5851 1732 5906 in
1768 5850 1901 5923 psal.
1927 5862 2126 5915 cxnvu,
2154 5863 2211 5902 n.
2246 5847 2300 5902 3.
