4018 6496
609 386 744 444 H79

675 507 807 568 Ibid.
839 505 900 563 Si
923 504 1077 560 sultis
1103 515 1212 558 esse
1247 502 1356 557 dies

605 593 754 652 «tum
774 577 901 652 ted!
930 575 1213 652 υφηίξιηεο.
1426 587 1580 652 esset
1609 571 1726 652 fec}:

675 638 810 710 Ibid.
829 645 897 702 Et
924 645 1168 700 habebitis
1194 645 1358 699 lucem
1439 638 1450 645 ’
1500 642 1573 697 Id.
1609 638 1616 642 ⁷
1656 641 1724 696 Et
1785 638 1964 694 habete
2021 638 2188 692 lucem

601 720 828 777 ueritatis
852 757 868 783 ,
923 731 1040 787 quat
1096 730 1354 788 nunquam
1426 713 1653 770 ueritatis
1677 752 1718 788 ,ί
1755 725 1870 788 quae
1919 723 2189 788 nunquam

604 806 839 848 occasum
855 781 1037 859 faciet.
1215 781 1227 788 ’
1428 800 1667 911 gemunt
1693 783 1869 854 faciat.
1919 781 2038 835 Vid.
2072 795 2183 834 var.

1486 872 1602 911 aur.

1486 872 1602 911 aur.

1098 945 1334 1006 SERMO
1380 945 1689 1004 CCXXXV.

674 1043 893 1115 Legitur
941 1043 994 1097 in
1041 1039 1160 1097 cod.
1191 1041 1344 1097 Cass.
1375 1054 1504 1096 cccv
1533 1081 1548 1107 ,
1585 1037 1681 1093 fol.
1712 1035 1782 1092 23
1811 1051 1842 1092 a
1873 1043 2045 1106 tergo,
2075 1031 2190 1100 ubi,

603 1155 658 1196 n.
687 1139 742 1208 4,
771 1147 894 1209 post
922 1137 1037 1194 hac
1063 1135 1245 1198 verba,
1277 1134 1372 1191 Vte
1393 1136 1483 1207 qui
1508 1151 1611 1189 non
1630 1133 1973 1201 crediderunt,
1997 1131 2192 1187 desunt

604 1232 719 1286 llth
745 1230 1047 1302 sequentia,
1082 1228 1194 1283 Erit
1225 1227 1361 1284 enim
1406 1243 1627 1301 magnus
1657 1228 1827 1293 timor,
1851 1238 1971 1298 quae
1998 1223 2188 1279 viden-

604 1331 691 1380 tur
716 1337 838 1380 esse
865 1323 1064 1396 glossa.

1105 1431 1337 1502 SERMO
1371 1431 1696 1518 GEXLVIII.

674 1526 891 1598 Legitur
917 1527 970 1583 in
999 1525 1120 1582 cod.
1153 1524 1314 1582 Cass.
1345 1538 1441 1589 vn,
1475 1523 1568 1580 τοι.
1600 1524 1728 1580 246.

676 1622 820 1679 Edit.
851 1621 918 1676 Ν.
965 1620 1021 1675 5.
1073 1618 1363 1688 Capiuntur
1506 1619 1642 1675 Cod.
1711 1617 1997 1688 Capiuntur
2071 1631 2192 1686 ergo

602 1707 724 1764 ergo
785 1693 948 1763 pisces
1011 1693 1187 1764 magni
1247 1706 1364 1746 cen-
1436 1689 1597 1758 pisces
1625 1693 1816 1760 magni.
1866 1688 2040 1756 Quot?
2077 1702 2194 1742 cen-

604 1771 734 1826 tum.
757 1773 864 1820 etc.
1436 1771 1564 1824 tum,
1595 1770 1700 1816 etc.

675 1834 740 1888 N.
770 1835 825 1892 δ.
879 1831 969 1888 Fit
997 1848 1237 1888 numerus
1266 1833 1359 1886 de-
1505 1833 1582 1887 ld.
1631 1829 1722 1886 Fit
1747 1846 1986 1886 numerus
2015 1829 2188 1885 decem

603 1879 1360 1976 αῶὀῖὶεῇιὲῆῗέἷὲὸἷηῇἆ-
1430 1911 1479 1958 et
1502 1879 1718 1973 ἓὲῥιὲηἱξ
1744 1879 1987 1956 ἦἷὲιῆ
2009 1879 2188 1954 5.1....
2215 1879 2266 1941 Β

1430 1990 1518 2028 rus
1559 1975 1684 2043 quid
1720 1984 1793 2029 est
1837 1975 2008 2028 decem
2035 1980 2083 2026 et
2115 1987 2194 2026 se-

1430 2046 1602 2116 ptem?
1629 2044 1691 2101 Si
1715 2053 1998 2115 computes,
2020 2054 2128 2098 etc.

1134 2157 1365 2218 SERMO
1402 2158 1652 2216 CCLXV.

675 2249 892 2322 Legitur
920 2251 972 2307 iu
996 2250 1116 2308 cod.
1143 2249 1296 2308 Cass.
1325 2267 1417 2320 vn,
1449 2251 1540 2306 fol.
1565 2251 1694 2309 254.

678 2343 821 2398 Edit.
878 2343 940 2398 N.
997 2343 1052 2398 2.
1108 2344 1210 2398 Alii
1258 2359 1362 2398 non
1504 2344 1635 2400 Cod.
1669 2345 1774 2400 Alii
1816 2344 2042 2400 uidentes
2070 2345 2194 2398 irri-

604 2417 868 2472 eredentes
906 2415 1195 2468 irriserunt.
1242 2415 1362 2469 Non
1430 2426 1625 2484 serunt.
1673 2415 1793 2470 Non
1823 2418 1960 2470 enim
1988 2419 2051 2470 de
2097 2417 2193 2471 tali

606 2489 740 2543 enim
768 2488 991 2540 omnium
1017 2495 1092 2540 est
1117 2486 1263 2555 ﬁdes.
1434 2487 1572 2557 facta
1595 2489 1731 2556 quod
1757 2488 1982 2541 ascendit
2009 2489 2062 2541 in
2088 2503 2189 2542 cc-

1082 2616 1087 2621 ,
1434 2557 1544 2611 tum
1575 2559 1801 2612 omnium
1830 2566 1906 2612 est
1931 2558 2079 2624 ﬁdes.

677 2627 742 2684 Ν.
767 2627 820 2683 9.
847 2627 914 2682 Et
942 2626 1005 2680 ab
1027 2625 1124 2680 hac
1147 2641 1365 2682 maxime
1506 2627 1583 2683 Id.
1623 2629 1691 2683 Ut
1728 2630 1791 2683 ab
1819 2631 1914 2682 Itac
1941 2629 2193 2683 charitate

605 2700 850 2771 charitate
876 2713 990 2771 quia
1012 2699 1067 2771 in
1094 2699 1359 2771 cfetisest,
1433 2700 1658 2768 proximi
1730 2700 2056 2770 proﬁciamus
2120 2701 2190 2754 ad

605 2772 669 2825 de
726 2770 850 2824 costa
889 2767 1043 2822 'misit
1100 2767 1357 2838 Spiritum
1429 2767 1540 2840 ejus
1558 2767 1858 2824 charitatem
1875 2773 1960 2838 qui
1984 2773 2036 2824 in
2052 2772 2191 2825 caelis

601 2851 852 2897 sanctum.

603 1983 700 2046 tes,
722 1983 826 2032 etc.

1426 2841 1600 2907 est,tle
1619 2842 1742 2896 ctelo
1767 2842 1904 2894 misit
1934 2841 2188 2912 Spiritum

1425 2921 1680 2966 sanctum.

670 2981 734 3036 Ν.
790 2981 875 3036 Ii.
938 2979 1068 3051 Ipsa
1107 2980 1358 3036 charitate
1500 2983 1575 3036 Id.
1609 2981 1896 3052 Congregat
1940 2996 2032 3052 nos
2074 2984 2190 3052 ipsa

600 3053 750 3123 plena
783 3061 858 3106 est
895 3055 1089 3123 gallina
1115 3054 1206 3106 illa
1235 3068 1356 3121 pro-
1427 3053 1677 3107 charitate
1701 3051 1851 3122 plena
1875 3051 2071 3123 gallina
2093 3051 2189 3107 illa

599 3131 711 3194 pter
729 3125 899 3194 pullos
927 3124 1208 3192 inﬁrmata.
1300 3193 1303 3194 ν
1424 3133 1633 3194 propter
1655 3125 1827 3194 pullos
1853 3123 2136 3193 inﬁrmata.

673 3195 805 3266 Ibid.
829 3193 1114 3266 Colligere,
1141 3210 1243 3248 non
1271 3193 1358 3247 di-
1427 3193 1432 3194 “
1502 3195 1580 3249 Id.
1639 3193 1891 3266 Colligere
1913 3235 1926 3258 ,
1959 3209 2062 3247 non
2103 3195 2188 3248 di-

600 3264 786 3320 uidere.
814 3264 945 3330 Quia
975 3265 1132 3318 habeo
1150 3305 1167 3332 ,
1197 3274 1302 3321 etc.

1430 3337 1664 3406 colligit,
1721 3336 1943 3406 diuidit.
1996 3345 2043 3390 et
2098 3337 2188 3404 qui

600 3423 794 3479 mecum
815 3447 831 3472 ,
861 3407 1064 3479 inquit,
1105 3422 1218 3479 non
1258 3407 1486 3479 colligit,
1520 3405 1738 3478 spargit.
1766 3405 2047 3478 Colligere,
2085 3423 2188 3462 non

599 3477 849 3545 diuidere;
879 3479 1000 3548 quia
1025 3478 1199 3542 habeo,
1234 3486 1336 3532 etc.

1133 3567 1361 3624 SERMO
1389 3565 1660 3624 CCLXVI.

670 3662 884 3730 Legitur
917 3662 969 3716 in
992 3661 1114 3716 cod.
1142 3662 1354 3717 Cassia.
1384 3678 1478 3728 vn,
1508 3662 1600 3717 lol.
1621 3661 1752 3720 254.

669 3755 808 3809 Edit.
841 3754 902 3808 Ν.
935 3753 986 3805 Ιι.
1016 3752 1351 3809 Crediderunt
1501 3755 1632 3807 Cod.
1665 3753 2003 3808 Crediderunt
2037 3754 2190 3809 multi

599 3827 742 3881 multi
789 3824 843 3879 in
897 3823 1179 3887 Santaria,
1248 3840 1357 3878 cre-
1429 3825 1481 3878 in
1563 3824 1803 3878 Samaria
1838 3867 1852 3892 ,
1927 3827 2189 3880 credentes

599 3899 771 3952 dentes
818 3895 1061 3963 baptisati
1105 3905 1245 3950 sunt.
1291 3894 1360 3950 Ut
1431 3896 1673 3965 baptizati
1722 3906 1858 3950 sunt.
1906 3895 1972 3950 Ut
2019 3909 2192 3963 autem

599 3983 764 4022 autem
803 3967 1354 4037 audierantqaposloli,
1430 3983 1612 4020 manus
1655 3967 1932 4037 imponeret
1985 3967 2192 4037 Philip-

1431 4053 1560 4105 pus,
1605 4048 1650 4090 et
1696 4043 1766 4091 cis
1809 4056 1986 4091 manus
2033 4043 2192 4105 impo-

1432 4107 1598 4161 nendo
1625 4149 1640 4173 ,
1680 4109 1971 4176 impetraret
2021 4109 2193 4178 Spiri-

1433 4186 1540 4230 tum
1583 4179 1873 4244 Sanctum,
1926 4180 2038 4248 plus
2083 4189 2192 4234 erat

1431 4249 1501 4301 ad
1565 4248 1769 4303 diaconi
1831 4251 2187 4306 ministerium.

1437 4319 1662 4392 Proinde
1695 4338 2026 4392 consequens
2083 4331 2192 4376 erat

1430 4400 1485 4443 ut
1527 4391 1653 4460 ﬁdes
1681 4391 1930 4446 Samaria:
1965 4393 2026 4445 ab
2067 4410 2195 4462 apo-

1432 4463 1577 4514 stolis
1607 4463 1949 4516 nuntiaretur.
1978 4462 2024 4515 Ν
2032 4465 2194 4517 untia-

601 4541 654 4587 ta
674 4540 774 4597 est;
796 4538 1058 4594 uenerunt,
1081 4539 1126 4584 et
1149 4529 1416 4601 baptigatis
1442 4546 1622 4582 manus
1649 4531 2022 4601 imposuerunt,-
2046 4535 2193 4587 bene-

601 4602 820 4656 dictione
838 4617 929 4655 sua
960 4617 1110 4671 super
1127 4601 1241 4654 illos
1272 4598 1522 4669 Spiritum
1561 4598 1792 4654 sanctum
1830 4602 2186 4660 invitaret-unt.

607 4671 757 4727 Venit
799 4673 866 4726 ad
898 4688 1076 4726 manus
1113 4671 1486 4738 impositionem
1507 4672 1853 4738 apostolorum
1888 4689 2043 4738 super
2070 4676 2189 4728 illos

602 4743 830 4810 Spiritus
856 4753 1058 4798 sanctus
1080 4784 1096 4809 ,
1147 4743 1237 4796 sed
1275 4741 1588 4795 uoluntarius
1607 4783 1622 4808 ,
1657 4759 1757 4796 non
1787 4753 2013 4797 coactus.
2047 4743 2188 4799 Tunc

601 4815 786 4872 Simon
815 4815 1098 4869 admiratus
1113 4854 1128 4880 ,
1159 4821 1263 4868 etc.

672 4885 806 4940 Ibid.
839 4884 935 4939 Ille
974 4885 1058 4952 qui
1088 4884 1140 4937 in
1170 4883 1359 4939 Sama-
1503 4882 1576 4955 Id.
1619 4883 1720 4939 Ille
1747 4885 1832 4955 qui
1853 4886 1907 4938 in
1948 4885 2192 4940 Samaria

601 4958 680 5012 ria
741 4956 1120 5026 baptizauerat,
1172 4964 1240 5008 et-
1272 4968 1362 5007 ne-
1431 4953 1794 5027 prmiicauerdt
1821 4997 1835 5020 ,
1875 4958 1962 5027 qui
2008 4958 2062 5010 in
2091 4957 2193 5012 Sa-

602 5028 760 5092 mini,
791 5025 896 5082 etc.
1435 5025 1600 5104 maria
1628 5025 2002 5096 baptizauerat,
2033 5037 2077 5080 et
2107 5044 2194 5082 ne-

1421 5100 1564 5156 mini,
1595 5107 1700 5152 etc.

677 5167 739 5222 N.
799 5168 853 5240 5.
905 5167 1057 5240 _Quia
1109 5175 1155 5220 et
1234 5165 1365 5240 inter
1491 5165 1590 5240 _Id._
1627 5165 1824 5240 Legant
1877 5177 2066 5223 textum
2111 5168 2197 5240 ilc-

603 5238 866 5310 apostolos
897 5237 1172 5310 Philippus
1204 5235 1364 5289 nomi-
1436 5234 1636 5310 c_tio_n_is,
1661 5234 1719 5291 εἶ
1737 5239 1940 5293 uideant
1970 5239 2196 5310 eumdem

604 5303 778 5376 natur,
800 5308 948 5378 etqui
968 5303 1194 5378 proprie,
1221 5316 1326 5361 etc.
1437 5303 1738 5380 Philippum
1781 5312 2071 5378 nominari,
2113 5309 2202 5380 qui

1445 5379 1670 5446 proprie,
1699 5389 1804 5436 etc.

599 4041 842 4094 miserunt
865 4040 930 4092 ad
957 4054 1040 4091 eos
1075 4035 1286 4090 Petrum
1311 4048 1357 4090 et

599 4107 870 4174 Joannem,
896 4119 948 4162 ut
979 4109 1242 4169 baptisatis
1258 4123 1361 4160 ma-

600 4197 694 4251 nus
706 4183 1084 4251 imponerent,et
1097 4181 1169 4232 eis
1181 4195 1361 4232 manus

601 4248 908 4316 imponendo
938 4291 951 4310 .
1032 4251 1358 4318 impetrarent

603 4321 857 4392 Spiritum
869 4329 1099 4392 sanctum
1119 4321 1360 4374 inuocan-

602 4391 695 4446 tes.
720 4392 896 4448 Simon
923 4391 1226 4455 admiratus,
1247 4399 1352 4445 etc.

675 5451 822 5522 ΝΛΞ.
850 5448 1076 5518 Eurisque
1101 5461 1367 5502 accersen-
1465 5517 1475 5522 ‘
1529 5448 1606 5502 Id.
1665 5449 1899 5522 Eumque
1945 5467 2205 5507 accersen-

605 5523 747 5576 dum.
767 5519 914 5575 Tunc
931 5517 1099 5574 autem
1110 5526 1260 5587 “etc.
1441 5517 1643 5593 dum,_et
1662 5524 1796 5589 quod
1815 5517 2116 5593 'prteciperet
2130 5524 2203 5592 fa-

1448 5590 1705 5646 ciendum.
1725 5590 1870 5647 Tunc
1885 5590 2075 5659 autem,
2095 5590 2195 5647 etc.

677 5661 810 5718 Ibid.
839 5659 946 5718 Sed
973 5659 1099 5714 milii
1123 5657 1266 5712 Deus
1288 5674 1370 5713 os-
1516 5661 1592 5714 Id.
1634 5663 1739 5718 Sed
1778 5665 1904 5718 mihi
1942 5657 2082 5718 Deus
2119 5680 2200 5716 os-

608 5735 768 5787 tendit
822 5734 1070 5787 uemim
1131 5745 1368 5784 commu-
1447 5733 1639 5796 tendit;
1668 5739 1876 5802 quando
1932 5733 2196 5788 ostendit!

607 5820 755 5870 nem,
779 5810 886 5857 etc.
1443 5802 1528 5855 ubi
1597 5805 1869 5858 ostendit?
1924 5804 2197 5859 Neminem

1442 5889 1755 5928 communem
1768 5911 1786 5938 ,
1815 5885 1918 5930 etc.

1546 376 1926 440 SERMONUH
1965 374 2417 437 GENUI'NORUH
2449 377 2510 437 S.
2552 378 2917 438 AUGUSTINI

1494 499 1576 556 Id.
1617 499 1680 555 Si
1722 497 1875 553 uultis
1924 511 2033 552 esse
2071 495 2182 549 dies
2209 496 2259 556 Α
2357 493 2421 548 Ν.
2445 495 2498 548 7.
2544 494 2724 549 Posset
2749 494 2937 549 enima
2960 507 3048 547 ea-

1433 3267 1620 3338 uidere.
1705 3265 1806 3338 Qui
1850 3265 1991 3338 enim
2044 3271 2266 3338 extrac

2218 4653 2272 4714 Ι)
2311 4625 2502 4714 “Ibid.
2525 4622 2624 4678 Ubi
2637 4624 2933 4693 corporibus
2952 4623 3065 4677 red-

3777 381 3882 436 illi")

3194 491 3276 548 Id.
3322 487 3517 546 Posset
3562 492 3695 545 nius
3741 510 3772 545 a
3813 513 3882 551 ιι.

2291 565 2654 621 lumnaintibus
2698 567 2775 619 uel
2819 581 2923 619 non
2967 567 3050 620 itt-
3120 563 3509 618 lumniantibus
3533 563 3611 616 rel
3637 580 3738 617 non
3757 566 3882 620 intel-

2291 637 2632 708 telligentibus
2677 637 2778 690 dici
2827 635 2983 708 Petro
3029 652 3047 690 :
3121 633 3404 708 ligentibus
3433 632 3883 708 diciPetro;lsle

2295 706 2432 762 Male
2457 709 2624 778 {scisti
2645 708 2768 762 dare
2796 707 3052 777 Spiritum
3125 706 3294 777 fecisti
3354 706 3732 778 incircumcisis
3783 711 3882 764 dare

2291 776 2520 834 sanctum
2537 823 2551 846 ,
2595 790 2701 835 etc.
2843 776 2848 777 7
3126 778 3463 844 baptismum.
3491 776 3761 844 Numquid
3785 797 3883 844 να.

3123 858 3198 902 set
3225 849 3330 901 dici
3363 847 3480 901 Deo
3523 864 3542 901 :
3577 846 3718 901 late
3747 851 3883 916 fecisti

3134 921 3260 973 dare
3281 920 3551 990 Spiritum
3568 924 3833 975 sanctum?

2353 1053 2726 1114 SERMONES
2756 1051 3074 1125 CCLXXX,
3105 1051 3422 1110 CCLXXXI
3450 1094 3468 1119 ,
3493 1051 3835 1110 ρειὶιλυ.

2365 1190 2586 1263 Legitur
2611 1203 2791 1246 sermo
2824 1203 3053 1244 ccuxxr
3088 1202 3279 1258 magna
3309 1200 3384 1244 ex
3417 1195 3584 1258 parte
3620 1188 3674 1240 in
3704 1187 3886 1244 donius

2294 1286 2491 1350 codd.,
2547 1299 2662 1339 uno
2709 1282 2910 1347 Casa...
2964 1295 3158 1350 nempe
3205 1295 3316 1344 xu,
3370 1278 3473 1334 fol.
3523 1278 3702 1341 12-82,
3743 1281 3886 1334 altero

2295 1375 2592 1434 Florentin.
2627 1419 2642 1443 ,
2693 1375 2830 1431 Bibl.
2861 1374 3114 1430 Fesulan.
3141 1412 3159 1439 ,
3212 1372 3334 1427 cod.
3364 1387 3475 1437 xx,
3536 1370 3639 1426 fol.
3684 1370 3798 1425 2'62.
3842 1372 3887 1427 Is

2296 1480 2524 1538 utroque
2561 1468 2746 1524 titulus
2793 1466 2954 1523 habet
3003 1464 3080 1519 De
3127 1474 3306 1518 sancta
3362 1463 3608 1516 Victoria
3639 1503 3656 1526 ,
3694 1471 3806 1529 aut,
3834 1463 3886 1517 Is

2299 1561 2480 1618 Natali
2495 1569 2688 1615 sanctae
2716 1557 2980 1613 Victoria.
3006 1555 3162 1611 Plura
3189 1561 3554 1610 assumuntur
3570 1567 3644 1608 ex
3672 1566 3885 1610 sermons

2295 1667 2534 1717 ccuxx,
2598 1648 2749 1720 plura
2796 1648 2964 1704 etiam
3013 1662 3081 1702 ex
3130 1659 3294 1700 serm.
3330 1657 3632 1708 ccuuu,
3678 1644 3809 1712 plura
3840 1645 3882 1698 is

2297 1739 2440 1798 Edit.
2476 1756 2583 1798 non
2615 1739 2889 1810 leguntur.
2923 1737 3022 1792 Hic
3053 1733 3388 1790 dilfet‘entius
3439 1745 3724 1788 annutare
3763 1748 3881 1788 cura-

2296 1835 2498 1897 vimus,
2543 1845 2644 1886 nec
2685 1827 3024 1900 impossibile
3079 1836 3164 1882 est
3206 1834 3462 1880 sanctum
3517 1827 3882 1902 Augustinum,

2299 1935 2454 1984 notas
2478 1938 2612 1997 quas
2647 1923 2718 1982 de
2766 1919 2865 1977 SS.
2921 1921 3181 1990 Perpetua
3228 1927 3284 1972 et
3333 1916 3644 1972 Felicitate
3688 1918 3881 1986 scripse-

2297 2030 2411 2084 rat,
2472 2026 2673 2074 sanctm
2741 2014 2995 2070 Victoria:
3065 2008 3353 2068 laudandae
3414 2008 3882 2073 accommodasse,

2295 2128 2417 2170 cum
2471 2113 2740 2182 prtecipue
2769 2111 2824 2164 in
2868 2107 2993 2163 cod.
3048 2103 3485 2160 'l‘beodoricensi
3531 2106 3740 2160 citetur
3788 2119 3881 2172 qu.-

2296 2206 2420 2261 dam
2475 2217 2668 2269 sermo,
2709 2201 2778 2256 de
2826 2209 3010 2255 sancta
3046 2195 3282 2252 Victoria
3325 2196 3414 2250 bis
3467 2197 3665 2250 verbis
3718 2212 3732 2248 :
3782 2193 3881 2249 lu-

2296 2311 2463 2351 sermo
2515 2293 2583 2351 Β.
2619 2291 2748 2347 Aur.
2793 2289 3068 2363 Augustini
3098 2287 3328 2357 episcopi
3375 2287 3444 2341 de
3491 2286 3688 2342 Natali
3731 2299 3882 2342 suae

2309 2387 2548 2443 Victoria:
2597 2385 2855 2456 uirginis,
2906 2391 2966 2436 ut.
3012 2380 3196 2436 videre
3224 2389 3308 2436 est
3369 2381 3423 2436 in
3485 2380 3640 2435 notis
3687 2378 3881 2450 Operm

2295 2481 2464 2536 sancti
2493 2478 2808 2549 Augustini,
2838 2473 2966 2530 edit.
2997 2472 3196 2528 Bened.
3230 2482 3364 2527 tum.
3395 2469 3464 2525 ν.

2861 2604 3036 2646 SERIO
3073 2602 3304 2644 CCLXXI.

2365 2710 2526 2766 Editi.
2566 2707 2630 2764 N.
2664 2710 2716 2763 i.
2759 2705 2827 2761 Et
2872 2705 3060 2760 victore

2293 2782 2504 2859 uestigio
2523 2795 2540 2846 ,°
2558 2779 2792 2859 ideinde
2812 2775 3056 2859 grta-dem
3127 2774 3442 2859 s_tigio.Qttae
3460 2776 3881 2859 addunturbest:

2294 2847 2496 2908 adduint
2541 2851 2646 2905 duo
2693 2849 2853 2905 codd.
2886 2848 3058 2902 beatae
3130 2847 3417 2913 Perpetua:
3459 2849 3685 2914 propria
3725 2850 3883 2902 desunt

2295 2923 2575 2994 Perpetuus
2632 2922 2868 2992 propria.
3126 2916 3397 3040 ad
3428 2917 3556 2973 haec
3591 2920 3752 2974 verba
3781 2918 3878 2973 :lts

3129 3005 3308 3054 caput.

3209 2701 3387 2760 Codd.
3452 2701 3526 2758 Et
3559 2706 3777 2760 victoria
3814 2724 3879 2760 it.

2365 3064 2499 3120 Ibid.
2531 3060 2763 3119 Femina:
2789 3059 3054 3116 cadenti...

2294 3135 2610 3200 ascendenti.

2368 3207 2432 3263 Ν.
2455 3207 2511 3261 2.
2555 3204 2699 3259 Tunc
2721 3219 2840 3259 cunt
2867 3202 3055 3257 bestiis.

3135 3132 3487 3185 ascendentis.

3200 3201 3337 3256 Cod.
3415 3215 3522 3256 ιιι.

3129 3289 3248 3328 cum
3276 3273 3477 3325 bestiis.

3204 3343 3378 3397 Codd.
3419 3341 3667 3409 Quorum
3697 3357 3818 3396 seces
3840 3346 3881 3396 is

3133 3430 3286 3471 carne
3309 3423 3629 3483 martyrum.

3203 3485 3300 3541 Iid.
3321 3493 3442 3553 post
3467 3485 3589 3538 haec
3611 3485 3881 3551 verba,“

3129 3558 3327 3612 habent
3357 3556 3542 3624 plura,
3570 3572 3691 3624 qua
3719 3556 3878 3610 desunt

3125 3645 3294 3700 usque
3322 3628 3392 3681 ad
3436 3627 3542 3700 bes
3571 3641 3729 3700 voces
3759 3649 3798 3677 τε.
3819 3626 3879 3681 l:

2296 3706 2550 3769 Martyres
2592 3701 2786 3758 Christi
2830 3715 2923 3769 pro
2973 3703 3179 3756 nomine
3207 3697 3274 3752 ac
3305 3698 3530 3769 justitia
3576 3697 3796 3762 Chrisi,
3837 3705 3882 3753 et

2294 3770 2488 3831 deinde
2519 3817 2533 3841 ,
2581 3773 2957 3842 pratermissis
3009 3773 3218 3827 duobus
3256 3770 3474 3842 verbis,
3521 3779 3788 3839 uruntque
3821 3771 3883 3820 ri-

2295 3857 2470 3902 cerunt
2495 3888 2510 3912 ,
2545 3841 2772 3916 pergunt
2801 3843 3030 3916 dicendo
3049 3886 3064 3906 ,
3095 3841 3377 3916 ricam-ori,
3407 3849 3525 3916 etc.

2365 3919 2428 3972 Ν.
2463 3909 2518 3973 4.
2548 3909 2670 3972 Sed
2707 3915 3058 3970 exercitationi
3201 3909 3443 3965 lid.Post
3468 3912 3590 3964 hac
3608 3909 3886 3978 verbum-

2295 3990 2561 4061 διεπίεσα.
3129 3986 3437 4061 terminum
3458 3983 3814 4061 multatisque
3831 3981 3884 4035 ad

3134 4053 3230 4108 bas
3259 4065 3450 4112 voces,
3511 4051 3679 4118 Quid,
3707 4067 3887 4105 cure-

3132 4125 3316 4194 solata!
3333 4166 3348 4190 ,
3375 4132 3484 4177 etc.

3205 4192 3297 4250 Iid.
3331 4192 3584 4257 Quamvis
3621 4195 3727 4256 iam
3752 4194 3884 4245 trullis

3131 4268 3290 4336 possit
3320 4265 3500 4319 seculi
3529 4265 3691 4334 hujus
3714 4263 3887 4334 [estis-i-

3132 4338 3317 4392 tatibtss
3402 4336 3480 4387 uel
3571 4337 3883 4387 suaritatibss

3129 4408 3422 4474 comparari
3439 4446 3454 4468 ,
3499 4421 3663 4474 parca
3687 4418 3758 4458 est
3780 4422 3884 4476 per-

3131 4481 3291 4533 ticula
3328 4477 3694 4547 prontissionis
3718 4519 3732 4543 ,
3773 4479 3886 4543 ius,

3132 4561 3236 4605 etc.

3207 4622 3296 4676 Sic
3316 4628 3369 4673 et
3388 4619 3515 4672 cod.
3538 4633 3603 4672 ss
3623 4635 3638 4678 :
3659 4619 3782 4672 cod.
3805 4635 3882 4686 xu,

2297 4697 2437 4751 ditis.
2729 4692 2734 4693 ί
3136 4692 3223 4747 ubi
3249 4693 3302 4744 in
3341 4705 3582 4755 corpore.

2367 4766 2433 4822 Ν.
2467 4765 2518 4819 6.
2566 4765 2712 4830 Quod
2737 4765 2848 4835 ejus
2880 4778 3055 4834 corpo-
3195 4764 3332 4817 Cod.
3359 4775 3453 4835 sit.
3481 4761 3638 4826 Quod
3659 4765 3772 4829 ejus
3791 4780 3884 4817 cor-

2297 4840 2368 4893 ris
2406 4837 2629 4891 membra
2666 4833 2867 4901 sanius,
2897 4833 3058 4906 cujus
3128 4835 3268 4908 poris
3284 4833 3512 4908 membra
3533 4838 3883 4906 surus,cujss

2298 4919 2344 4964 et
2368 4910 2444 4964 illi
2462 4950 2475 4968 ,
2503 4915 2612 4962 etc.
2968 4903 2978 4906 ⁷
3129 4903 3248 4962 sunt
3275 4915 3321 4958 et
3346 4903 3461 4967 illi,
3492 4915 3603 4960 etc.

2371 4979 2502 5035 Ibid.
2551 4975 2898 5044 Eamdemque
2941 4991 3057 5031 am-
3198 4976 3366 5032 Codd.
3408 4974 3658 5029 Eandem
3713 4977 3886 5042 περιε-

2304 5052 2574 5120 plectimur
2639 5050 2904 5102 unitatem.
2969 5048 3060 5102 Sic
3131 5048 3583 5120 ctinturunitatens
3612 5047 3772 5116 (Cod.
3806 5065 3880 5111 Ill,

2303 5119 2635 5178 terminatur.
3134 5119 3274 5171 male
3316 5157 3332 5181 ,
3422 5120 3803 5172 humanitatem
3855 5129 3880 5170 ι.

3133 5188 3341 5242 Deinde
3375 5189 3454 5242 sic
3501 5200 3736 5258 pergunt
3785 5209 3798 5242 :
3833 5189 3879 5240 In

2305 5262 2401 5315 hoc
2425 5277 2546 5332 ergo
2577 5267 2718 5315 tanto
2746 5274 2911 5330 agone
2931 5267 3108 5332 sancte
3140 5259 3370 5314 Victoria
3384 5274 3492 5311 non
3522 5275 3651 5312 sexu
3681 5261 3880 5312 inm-ldo

2310 5331 2591 5398 retardata,
2617 5347 2716 5385 non
2737 5332 2953 5402 feminea
2974 5331 3279 5400 cogitatione
3299 5340 3566 5392 eneruata,
3587 5346 3694 5382 non
3717 5335 3878 5381 arma!)

2311 5405 2602 5457 blandiente
2643 5402 2872 5468 mollita,
2905 5414 3005 5455 non
3054 5402 3280 5454 minante
3309 5406 3583 5470 perterrita
3603 5445 3616 5463 ,
3667 5419 3776 5453 non
3806 5415 3879 5452 se.

2309 5476 2471 5529 triente
2509 5474 2737 5539 devicta,
2777 5473 2984 5525 certarit
3033 5471 3252 5542 fortiter,
3293 5471 3478 5538 spiritu
3531 5486 3741 5523 carnem
3770 5513 3785 5533 ,
3813 5484 3879 5522 tri

2309 5546 2568 5607 timorem,
2603 5542 2863 5596 diabolum
2892 5542 3030 5609 ﬁde,
3075 5543 3325 5594 mundum
3367 5542 3625 5593 charitate
3673 5543 3873 5594 vincens.

2310 5615 2407 5670 His
2435 5617 2591 5669 armis
2617 5615 2872 5668 exercitus
2899 5613 3060 5665 nostri
3080 5613 3215 5682 regis
3245 5615 3466 5664 invictus
3487 5622 3564 5664 est
3589 5626 3608 5674 ;
3634 5613 3718 5663 his
3745 5611 3875 5662 amis

2306 5688 2518 5740 accincti
2547 5685 2729 5739 milites
2753 5683 2973 5748 Christi,
3003 5699 3106 5737 non
3143 5681 3483 5745 conservatis,
3507 5683 3600 5736 sed
3629 5681 3873 5736 trucidatis

2305 5757 2534 5826 corporis
2557 5755 2792 5809 membris
2810 5797 2823 5820 ,
2852 5770 2941 5808 nec
2959 5754 3235 5826 occidendo
3253 5795 3269 5820 ,
3301 5756 3393 5806 sed
3424 5756 3698 5808 inoriendo
3719 5758 3872 5807 στήκει

2303 5825 2556 5900 pltarunt,
2589 5835 2636 5882 et
2667 5827 2930 5880 victoriam
2959 5825 3021 5879 de
3047 5825 3254 5879 diabolo
3281 5836 3600 5880 meruerunt.

3582 3201 3725 3255 Tunc
3780 3212 3879 3256 certe

2365 3349 2499 3406 Ibid.
2547 3350 2777 3418 Quorum
2821 3359 2964 3399 voces
3007 3346 3063 3400 in

2523 3431 2906 3559 mgggeuglane
2941 3491 3056 3560 jam

2295 3581 2360 3619 nu
2405 3581 2457 3618 a.

2295 3581 2457 3620 nutta.

2365 4200 2431 4259 Ν.
2465 4199 2513 4258 5.
2550 4199 2789 4268 Quamvis
2807 4199 2917 4268 jam
2939 4197 3060 4251 nul-

2297 4275 2360 4329 lis
2385 4274 2540 4343 possit
2563 4269 2736 4343 steculi
2758 4269 2915 4339 hujus
2940 4270 3057 4343 [eli-

2298 4339 2534 4399 citatibns
2589 4341 2665 4394 vel
2723 4339 3059 4394 suaeitatibus

2297 4413 2784 4485 comparari,ipart'-t_t
2804 4411 3059 4485 particula

2298 4481 2650 4557 promissionis
2690 4481 2884 4552 agitur,
2919 4482 3057 4549 imo,

2298 4569 2401 4610 εῑε.

3203 3058 3302 3113 Iid.
3341 3058 3594 3114 Femina
3963 3051 3977 3065 '
