3886 6456
119 333 234 394 1181

1353 345 1738 405 LECTIONES
1782 350 2194 416 VARIAN'I‘ES.

665 468 838 511 881110
870 469 1120 514 σοιιιχι.

1019 549 1190 626 Codd.
1229 551 1452 626 _Nomen
1495 562 1684 610 sancta:
1786 543 1871 626 eg,
1909 539 2219 626 ζαεζιαηξᾷηι
2247 589 2263 613 ,
2304 564 2414 626 non
2475 552 2543 606 ad
2605 550 2748 626 uxor
2771 556 2880 626 ejus
2905 598 2918 620 ,
2950 539 3111 626 niater
3134 539 3370 626 Joannis:

174 541 306 598 Edit.
336 542 395 596 N.
429 544 481 608 I.
512 544 714 603 Nomen
735 546 856 604 Per-

104 625 259 694 petua
293 613 657 694 et_F_'el_icitatis
689 663 701 684 ,
733 635 852 673 san-
931 619 1190 694 Victoria,
1215 623 1420 679 Domini
1441 627 1681 694 famula;

923 700 977 744 et
1037 693 1115 747 sic
1169 693 1448 763 deinceps
1479 705 1681 752 mutato

924 765 1163 836 nomine,
1185 766 1545 836 singularique
1567 782 1682 822 mo-

103 691 290 740 ctarum
320 685 413 740 Dei
444 688 776 757 famularum.

164 896 290 971 Ibid.
345 896 414 954 In
458 900 690 971 feminas.
753 901 846 956 Le-

97 967 316 1044 gendum
333 967 560 1044 essetin
588 972 811 1044 ferninis.

161 1039 289 1113 Ibid.
322 1039 604 1113 Fragilitas
630 1043 848 1112 feminea

94 1124 188 1181 non
201 1111 412 1181 defecit.

170 1179 232 1237 N.
271 1179 341 1236 ‘2.
399 1181 624 1238 Delectat
674 1193 844 1238 autem

92 1252 223 1320 piam
255 1263 473 1308 mentem
508 1254 612 1308 tale
647 1267 845 1324 specta-

87 1324 250 1396 culum
274 1324 528 1396 contueri,
568 1326 722 1396 quale
748 1325 844 1380 sibi

87 1391 224 1467 beata
264 1391 524 1464 Perpetua
552 1391 614 1450 de
639 1413 692 1451 se
728 1398 840 1467 ipsa

82 1463 354 1519 revelatum
370 1482 476 1521 esse
503 1463 756 1532 narravit,
773 1468 838 1519 vi-

83 1551 192 1587 rum
213 1551 266 1589 se
289 1539 476 1606 factam
493 1549 708 1592 certasse
717 1554 834 1592 cum

78 1604 302 1662 diabolo.
351 1605 458 1663 Illo
497 1609 686 1663 quinae
725 1625 834 1663 cer-

114 1621 309 1680 iaaoto.
351 1621 458 1680 tuo
497 1624 686 1680 quippe
725 1625 837 1663 cer-

923 832 994 886 do
1021 833 1280 890 adhibito.

992 903 1086 958 Iid.
1127 904 1193 959 In
1219 905 1427 975 femina.

990 1045 1087 1104 Iid.‘
1117 1044 1330 1102 Femina
1350 1062 1449 1102 non
1469 1048 1672 1117 defecit.

986 1186 1081 1242 Iid.
1109 1187 1337 1243 Delectat
1352 1197 1521 1243 autem
1540 1189 1676 1255 piam

917 1267 1131 1314 mentem
1175 1260 1277 1314 tale
1329 1262 1674 1328 spectaculum

913 1332 1177 1394 contueri,
1238 1331 1438 1386 beatam
1498 1330 1674 1386 Victo-

910 1401 1039 1472 riam
1091 1403 1144 1454 in
1189 1403 1351 1454 virum
1392 1406 1672 1472 perfectum

908 1470 1448 1542 adversusdiabotum
1486 1470 1542 1526 in
1579 1473 1670 1529 illo

907 1543 1181 1596 certamine
1208 1559 1410 1598 currere
1433 1585 1448 1611 ,
1474 1551 1579 1599 etc.

78 1678 263 1752 tamine
291 1678 347 1752 in
358 1679 543 1752 virum
553 1678 833 1752 perfectum
853 1684 1006 1737 etiam
1019 1684 1136 1752 ipsa
1163 1685 1393 1738 currebat
1415 1724 1429 1747 ,
1455 1693 1561 1739 etc.

146 1747 280 1803 Ibid.
318 1746 504 1803 Merito
530 1746 616 1804 ille
638 1746 796 1804 vetus.

143 1817 275 1874 Ibid.
319 1817 423 1874 Per
467 1820 708 1890 feminam
742 1822 832 1874 deo

69 1899 266 1958 ceperat
289 1893 472 1948 virum.

137 1959 269 2014 Ibid.
302 1959 406 2015 Per
429 1963 593 2020 virum
615 1981 728 2020 eam
745 1982 830 2019 su-

66 2043 242 2098 perare
272 2035 501 2087 tentavit.

977 1755 1074 1810 Iid.
1119 1755 1304 1809 Merito
1330 1764 1378 1809 et
1399 1756 1485 1810 ille
1502 1765 1663 1810 vetus.

1095 1822 1195 1880 Per
1216 1828 1458 1896 feminam
1480 1827 1664 1886 vicerat
1693 1853 1742 1918 Β

899 1912 1084 1951 virum.

1705 463 1757 524 Α
1779 465 1985 544 inqua_m
2005 514 2033 544 ,γ
2075 474 2288 544 angelus
2335 475 2540 537 Gabriel

1787 608 2069 670 Elisabeth.
2107 608 2280 684 Quare
2298 619 2324 673 ?

3241 368 3377 426 1182
3439 401 3448 407 -

2616 490 2692 536 ter
2740 482 2998 550 Joannis;
3072 483 3329 540 Elisabetb
3354 527 3372 553 ,

2617 623 2766 679 Venit
2792 623 3007 679 Cabriel
3057 627 3124 679 ad
3172 624 3374 681 Zacha-

2617 695 2748 748 riam
2773 735 2790 759 ,
2832 712 2934 750 non
2977 696 3044 751 ad
3087 696 3367 753 Elisabeth.

2614 764 2786 832 Quare
2805 767 2831 822 2

2312 850 2546 908 ssuno
2579 833 2829 912 tcxcu.

1851 939 2068 1011 Legitur
2113 943 2168 999 in
2212 943 2331 1000 cod.
2360 943 2514 1002 Cass.
2543 963 2628 1004 xi.
2663 948 2752 1005 τοι.
2790 948 2922 1018 I93,
2951 959 3030 1008 et
3074 952 3198 1008 cod.
3223 966 3313 1008 cst
3344 991 3362 1020 ,

1778 1027 1872 1087 fol.
1902 1033 1989 1090 7i.

1851 1127 1994 1184 Edit.
2021 1129 2086 1184 N.
2109 1129 2522 1200 5.!niquitatem.

1776 1197 2030 1273 Dominus
2089 1197 2322 1273 Christus
2378 1220 2532 1273 quare

1773 1279 1848 1324 est
1900 1271 2227 1339 baptizatus?
2278 1271 2529 1328 Dominus

1774 1339 2007 1397 Christus
2052 1343 2146 1397 Dei
2203 1343 2372 1398 Filius
2424 1348 2530 1397 uni-

1773 1415 1990 1482 genitus,
2023 1430 2180 1482 quare
2204 1423 2278 1470 est
2303 1415 2529 1484 baptiza-

1772 1485 1880 1538 tus?
1894 1484 2073 1539 Inveni
2090 1502 2248 1556 quare
2267 1494 2337 1540 est
2355 1498 2528 1550 natus,

1770 1561 1818 1624 et
1866 1556 1936 1609 ibi
1985 1556 2204 1610 invenies
2245 1573 2402 1624 quare
2453 1564 2528 1610 est

1768 1622 2070 1698 baptizatus.
2097 1625 2122 1678 1
2129 1627 2177 1680 bi
2196 1622 2400 1698 quippe,
2413 1636 2518 1682 etc.

1838 1696 1904 1751 Ν.
1937 1697 1991 1752 4.
2037 1697 2170 1764 Quia
2209 1696 2416 1752 Damon
2454 1707 2527 1753 est

1766 1770 1928 1823 salus.
1963 1767 2102 1823 Nam
2131 1785 2292 1835 vana,
2322 1778 2426 1825 etc.

1841 1909 1968 1965 Ibid.
2004 1908 2183 1980 Neque
2205 1911 2338 1964 enim
2363 1909 2526 1966 Joan-

972 1967 1106 2022 Cod.
1126 1983 1196 2021 xu
1223 1968 1477 2035 posthaec
1500 1968 1661 2024 verba
1762 1981 1841 2036 ηίε
1865 1998 1968 2035 non
1986 1967 2347 2036 erat'satoator
2369 1981 2518 2037 Chri-

901 2037 1078 2092 addit:
1101 2037 1204 2092 Per
1215 2039 1664 2123 judiqemnfcilicffl
1760 2061 1885 2108 stus.
1897 2052 2018 2107 Non
2033 2054 2124 2107 hoc
2138 2054 2261 2107 dicit
2278 2055 2514 2123 ipse,etc.

900 2125 1115 2174 samum,
1145 2109 1224 2162 cui
1255 2112 1398 2163 beata
1435 2109 1661 2165 Victoria

63 2185 154 2226 nec
179 2175 253 2226 ad
281 2179 664 2254 κηριτρευῇ
679 2195 698 2254 ;
729 2179 1076 2254 opitulabatur
1101 2181 1234 2254 enim
1262 2181 1308 2234 ei
1336 2197 1482 2254 quem
1517 2183 1658 2254 virgo

64 2254 348 2337 pepererat.
488 2247 718 2304 ideo'illa
747 2244 1004 2337 inferioris
1036 2251 1258 2337 hominis
1275 2244 1580 2337 cautissimo
1593 2244 1659 2308 "et
1757 2244 2515 2337 δηίῖέηοῖεᾶ

62 2313 364 2394 ﬁrmissimo
387 2319 564 2394 robore
585 2336 754 2394 omnes
782 2313 895 2394 eius
923 2321 1118 2375 obludit
1147 2322 1389 2388 insidias,
1413 2323 1657 2388 impetus-

59 2398 161 2464 que
175 2389 458 2464 confregit.
501 2390 754 2464 φθάνῃ.
785 2389 952 2459 prima
982 2395 1338 2461 praetermissa
1367 2397 1652 2458 sententia,

62 2453 310 2531 ultimaiii
344 2453 575 2531 ritu-asim
605 2453 795 2529 habet,
824 2453 1046 2531 excepto
1072 2463 1212 2531 quod
1250 2464 1438 2517 horum
1465 2453 1655 2519 verbo;

56 2527 757 2622 ξξίξςοψίίζιξνγ
778 2527 969 2622 λέςηὶιῇ
984 2573 1003 2622 ,
1035 2527 1296 2622 secuto.
1316 2534 1519 2622 Deinde
1546 2535 1654 2622 duo
1753 2557 1904 2622 satur
1923 2549 2131 2622 melior,
2145 2549 2374 2622 dicturus
2401 2566 2515 2605 sum

57 2594 226 2674 godd.
271 2599 624 2669 fragmentum
657 2594 879 2658 asstnmt
919 2594 1183 2659 sermonis
1213 2620 1452 2668 CCLXIX.
1495 2623 1549 2660 ιι.
1586 2607 1649 2674 1,

53 2660 127 2719 Et
157 2660 612 2745 victore'vestigio,
647 2684 704 2728 ut
723 2675 904 2731 videre
925 2684 1010 2731 est
1037 2690 1218 2745 supra.

625 2790 855 2846 SERMO
893 2790 1089 2847 CCXC.

121 2875 352 2943 Legitur
389 2879 444 2933 in
483 2880 605 2936 cod.
650 2881 801 2936 Cass.
837 2899 920 2948 XI,
980 2882 1072 2938 tul.
1123 2882 1224 2951 87,
1262 2883 1353 2940 ubi
1397 2884 1498 2940 hoc
1541 2899 1648 2940 uno

40 2966 240 3024 diﬁert
263 3009 278 3032 ,
309 2971 450 3038 quod
470 3012 484 3035 ,
520 2987 574 3026 η.
597 2971 665 3036 4,
705 2988 801 3042 pro
833 2974 911 3026 liis
943 2975 1214 3027 Editorum
1243 2976 1421 3030 verbis
1452 2993 1465 3029 :
1507 2975 1649 3039 Quo-

39 3060 212 3112 modo
243 3059 348 3126 Iiet'
366 3060 500 3114 istud
525 3105 539 3128 ,
571 3062 817 3131 quoniam
842 3064 1005 3118 virum
1035 3079 1134 3116 non
1151 3055 1436 3134 cognosco?
1466 3064 1530 3118 Et
1557 3083 1650 3120 an-

37 3152 200 3221 gelus
249 3167 269 3204 :

325 3151 552 3223 Spiritus
602 3166 806 3208 sanctus
835 3157 1146 3227 superueniet
1187 3156 1242 3210 in
1284 3166 1370 3223 te,
1404 3165 1448 3210 et
1493 3157 1650 3213 virtus

37 3243 317 3298 Altissimi
337 3243 653 3299 obumbrabit
678 3247 788 3300 tibi.
817 3225 946 3301 Ecce
969 3247 1244 3316 quomodo,
1264 3257 1393 3311 etc.;
1425 3263 1519 3317 pro
1543 3248 1651 3318 his,
1682 3225 1729 3289 θ

34 3339 278 3407 inquam
301 3375 320 3403 ,
352 3320 531 3392 verbis
576 3338 766 3393 melius
805 3339 856 3394 in
906 3339 1028 3394 cod.
1077 3340 1344 3396 habetur:
1375 3340 1644 3406 Quomodo

35 3429 133 3499 [iet
164 3428 324 3483 istud
345 3469 362 3494 ,
393 3428 518 3482 dum
548 3431 711 3484 virum
742 3447 844 3484 non
878 3433 1164 3504 coynosco?
1191 3430 1261 3486 Et
1291 3433 1501 3504 angelus
1531 3451 1642 3505 pro—

33 3522 223 3594 fessus
247 3531 332 3576 est
355 3522 537 3593 virgini
563 3539 583 3578 :
609 3523 739 3578 Ecce
758 3527 1010 3595 quomodo
1029 3566 1044 3592 ,
1073 3535 1178 3581 etc.

620 3617 849 3694 SElthO
887 3618 1111 3673 cum.

114 3708 359 3780 Legitur
384 3725 438 3764 in
468 3710 588 3766 cod.
623 3709 770 3766 Cass.
808 3727 888 3767 xu
909 3753 923 3779 ,
956 3713 1051 3769 tot.
1078 3712 1206 3769 251.

114 3803 278 3857 Edit.
314 3801 378 3857 N.
413 3805 462 3857 I.
499 3804 660 3867 Quem
690 3806 826 3860 diem

31 3875 379 3930 celebramus
412 3874 713 3928 hodiernum
743 3895 828 3931 vo-

30 3945 262 4001 bis-dici
294 3960 399 3997 non
425 3961 552 4014 opus
577 3956 677 4010 est,
711 3950 830 4013 quia

28 4032 245 4080 omnes,
261 4030 382 4068 cum
401 4016 652 4083 legeretur
667 4015 831 4071 Evan-

25 4089 267 4158 gelium,
291 4087 534 4140 audistis.
555 4087 724 4158 llodie
745 4105 830 4142 ac-

25 4156 282 4228 cepimus
307 4166 536 4210 sanctum
548 4156 826 4215 Joannem.

104 4298 263 4355 Ibid.
325 4297 579 4368 Impletur
628 4300 830 4370 Spiritu

21 4382 245 4425 8611610.

105 4440 256 4496 Ibid.
307 4439 586 4509 Nascitur,
627 4441 717 4496 dat
745 4460 830 4512 pa-

20 4514 97 4568 tri
123 4528 353 4566 vocem.

101 4583 255 4637 Ibid.
317 4581 463 4664 Quid
502 4583 633 4637 enim
685 4583 828 4637 aliud

15 4670 190 4726 quam
212 4654 464 4778 2gratia?

97 4725 172 4783 N.
263 4764 278 4779 .
330 4721 476 4776 Nam
515 4740 695 4779 manus
722 4723 829 4779 Do-

15 4797 159 4851 mini
193 4811 333 4850 cum
363 4793 476 4848 illo.

99 4867 254 4922 Ibid.
302 4861 476 4918 Jacob
504 4873 666 4920 erant.
700 4865 828 4919 Ante

9 4938 312 4994 Joannem
370 4945 501 4990 certe
551 4936 733 4990 mlum
782 4946 830 4989 et

11 5021 168 5064 terra
212 5014 404 5063 eram.
447 5006 582 5072 Quid
625 5009 718 5062 erit
740 5007 830 5076 qui

9 5082 72 5134 in
104 5077 399 5152 principio
420 5079 564 5132 erat?

89 5220 221 5278 Ibid
313 5217 385 5270 Et
422 5216 637 5272 Verbum
683 5228 827 5285 erat,

6 5311 124 5348 non
154 5290 568 5360 qualecumque,
583 5290 670 5346 sed
686 5288 825 5344 Deus

7 5374 134 5421 erat
182 5360 450 5417 Verbum.

95 5574 252 5630 Ibid.
314 5571 457 5639 Quid
496 5572 607 5643 ipsa
642 5587 824 5627 manus

4 5646 258 5706 Domini
277 5644 312 5699 2

88 5719 166 5773 Ν.
192 5717 256 5770 5.
305 5711 458 5784 Venit
485 5713 698 5784 angelus
719 5709 825 5768 Ca-

4 5791 157 5847 briel
211 5787 293 5840 ad
331 5783 638 5838 Zachariam
663 5826 676 5848 ,
724 5801 823 5839 non

5 5867 84 5916 ad
123 5855 420 5926 Etisabeth
449 5871 654 5910 uxorem
678 5859 787 5926 ejus
807 5898 819 5921 ,

3 5943 265 5990 matrem
325 5923 581 5995 Joannis;
645 5923 774 5980 venit
804 5969 818 5996 ,

970 3806 1100 3862 Cod.
1156 3808 1316 3872 Quem
1356 3807 1490 3862 diem
1534 3809 1664 3864 cele‘

901 3877 1099 3932 bremus
1127 3877 1428 3932 hodiernum
1467 3896 1498 3932 a
1523 3881 1665 3934 nobis

901 3949 1003 4002 dici
1053 3966 1154 4003 non
1207 3966 1333 4015 apus
1379 3961 1450 4003 est
1484 3993 1496 4013 ,
1542 3953 1666 4020 quia

903 4035 1090 4080 omnes.
1111 4035 1222 4072 cum
1244 4021 1489 4090 legeretur
1507 4021 1668 4075 Evan-

901 4091 1090 4159 gelium
1115 4133 1128 4153 ,
1159 4092 1462 4145 audivimus.
1496 4093 1668 4146 Hodie

901 4163 1186 4231 accepimus
1226 4172 1400 4214 natum
1435 4173 1668 4218 sanctum

900 4229 935 4284 J
941 4229 1037 4285 oan
1044 4248 1156 4285 nem
1165 4273 1178 4286 .

978 4304 1049 4356 Id.
1083 4299 1417 4371 Intplebitur,
1472 4304 1666 4373 inquit,

903 4371 1115 4444 Spiritui
1130 4384 1333 4444 sancto.

973 4444 1046 4498 Id.
1091 4443 1330 4498 Nascitur
1358 4443 1535 4513 ﬁlius,
1575 4461 1668 4497 na-

905 4525 985 4569 tus
1008 4514 1174 4567 reddit
1207 4517 1340 4582 patri
1363 4531 1552 4568 vocem.

999 4585 1077 4639 Id.
1141 4585 1278 4651 Quid
1332 4585 1468 4640 enim
1522 4585 1595 4639 ali

899 4672 1054 4725 quam
1091 4659 1307 4724 gratiam
1324 4657 1348 4706 ?

977 4727 1049 4780 Id.
1089 4723 1227 4778 Nam
1252 4741 1431 4780 manus
1455 4723 1665 4783 Domini

901 4807 973 4850 est
997 4813 1111 4850 cum
1134 4797 1246 4850 illo.

974 4868 1049 4922 Id.
1105 4866 1264 4920 Jacob
1319 4877 1483 4922 erant.
1532 4869 1662 4924 Ante

902 4939 1157 4993 Joannem
1186 4939 1346 4990 Adam
1380 4948 1505 4992 erat.
1533 4941 1664 4994 Ante

900 5008 1159 5065 Joannem
1219 5019 1349 5063 certe
1395 5011 1577 5063 caelum
1617 5020 1665 5065 et

904 5090 1039 5136 terra
1075 5090 1239 5135 erant.
1275 5080 1420 5149 Quid,
1441 5080 1543 5149 erit
1578 5082 1666 5149 qui

902 5153 955 5210 in
986 5151 1238 5220 principio
1264 5163 1372 5205 erat
1411 5148 1666 5205 Verbum?

989 5222 1064 5276 Id.
1118 5221 1185 5276 Et
1240 5220 1462 5273 Verbum
1511 5231 1660 5276 erat.

899 5263 1328 5358 ποιέῖιεᾶἰυιάιιῖ
1347 5263 1485 5354 ζ”ἐὲὶι
1511 5263 1663 5360 liii

902 5363 1063 5418 Deum
1082 5380 1099 5426 ;
1117 5373 1162 5417 et
1191 5363 1409 5418 Verbum
1431 5371 1538 5415 erat
1561 5379 1663 5417 non

897 5436 1258 5504 qualecumque
1287 5473 1301 5501 ,
1358 5435 1446 5487 sed
1525 5431 1664 5488 Deus

896 5503 1005 5557 erat
1039 5503 1275 5558 Verbum.

967 5575 1044 5630 Id.
1077 5576 1214 5640 Quid
1239 5583 1312 5628 est
1334 5575 1448 5644 ipsa
1475 5590 1660 5629 manus

904 5646 1106 5699 Domini
1123 5646 1148 5700 7

969 5717 1042 5772 Id.
1099 5717 1238 5771 Veni:
1282 5717 1494 5787 angelus
1526 5718 1659 5782 (de-

895 5798 1016 5843 sunt
1039 5788 1178 5842 male
1203 5789 1252 5840 in
1285 5788 1433 5858 cod.)
1451 5787 1656 5845 Gabriel

895 5860 960 5912 ad
981 5858 1308 5924 Zachariam,
1328 5875 1430 5912 non
1455 5861 1522 5912 ad
1544 5859 1657 5914 Eli-

893 5929 1086 5984 sabeth.
1115 5929 1395 5984 Zacharias
1424 5942 1530 5986 erat
1564 5947 1656 6002 pa-

1831 2193 1894 2246 N.
1928 2193 1980 2249 5.
2022 2192 2153 2249 Ecce
2178 2195 2267 2264 qui
2296 2195 2518 2264 baptizat

1758 2336 1986 2389 dicturus
2013 2336 2143 2405 sum,
2170 2339 2377 2391 melior?
2403 2339 2519 2394 Hoc

1758 2407 1889 2477 forte
1903 2447 1919 2473 ,
1949 2416 2053 2462 etc.

1825 2692 1888 2745 N.
1918 2691 1970 2744 8.
2005 2691 2110 2746 Sed
2141 2709 2240 2745 non
2264 2695 2314 2745 in
2343 2691 2439 2746 hoc
2463 2708 2517 2746 se

1825 3045 1955 3100 Ibid.
1987 3045 2053 3100 Et
2098 3046 2244 3103 audit
2283 3063 2422 3116 eum,
2459 3055 2508 3101 et

1751 3114 1866 3169 ideo
1896 3125 2017 3182 stat,
2048 3126 2150 3172 etc.

2673 1132 2805 1190 Cod.
2847 1152 2956 1194 cu.
3005 1138 3357 1209 lniquitatem.

2603 1203 2754 1260 Dices
2821 1209 2948 1262 mihi
3018 1225 3038 1266 :
3107 1203 3362 1264 Dominus

2601 1275 2833 1332 Christus
2853 1296 3013 1348 quare
3033 1290 3104 1333 est
3135 1281 3362 1347 baptiza-

2601 1356 2679 1400 tus
2703 1348 2727 1400 1’
2759 1347 3001 1404 Dominus
3018 1349 3247 1405 Christus
3268 1368 3363 1406 na-

2601 1428 2682 1491 l_t_ls
2706 1435 2772 1491 ea;
2788 1420 2980 1487 virgine
3003 1422 3156 1484 venit,
3181 1423 3362 1491 quare?

2601 1484 2668 1564 Et
2706 1489 2775 1542 ibi
2809 1484 3000 1564 invenis
3042 1484 3202 1558 quare
3233 1493 3360 1564 bap-

2599 1558 2804 1613 tizatus.
2836 1561 2861 1614 Ι
2869 1561 2918 1615 bi
2941 1563 3127 1634 quippe
3142 1604 3156 1627 ,
3186 1571 3291 1619 etc.

2666 1698 2797 1756 Cod.
2826 1718 2899 1758 XI.
2929 1703 3063 1771 Quia
3081 1720 3114 1758 a
3138 1703 3357 1757 Domino

2595 1781 2670 1826 est
2689 1773 2852 1835 salus,
2871 1774 2925 1827 id
2951 1783 3022 1828 est
3041 1815 3056 1838 ,
3082 1790 3113 1828 a
3139 1776 3359 1828 Domino

2598 1841 2750 1894 datur
2761 1843 2922 1898 salus.
2935 1843 3068 1898 Nam
3086 1861 3236 1910 vana,
3249 1855 3356 1900 etc.

2667 1913 2744 1967 Id.
2773 1914 2952 1985 Neque
2977 1917 3111 1969 enim
3129 1913 3358 1971 Joannes

2591 1999 2694 2037 non
2741 1996 2846 2041 erat
2893 1986 3187 2042 salvandus.
3229 1986 3356 2043 Sal-

2593 2063 2726 2128 uator
2779 2073 2898 2128 ergo
2937 2056 3184 2116 Christus.
3216 2057 3356 2112 Nam

2593 2125 2690 2179 hoc
2718 2125 2853 2181 dicit
2869 2131 2995 2195 ipse,
3028 2141 3132 2185 etc.

2663 2198 2931 2272 Codscxt.
2963 2199 3092 2254 Ecce
3114 2201 3201 2272 qui
3225 2199 3354 2272 bap-

2591 2268 2714 2322 tizat
2735 2270 2946 2340 inferior
2973 2281 3045 2324 est
3067 2287 3086 2336 ;
3112 2268 3198 2340 qui
3227 2271 3354 2341 bap-

2590 2341 2793 2401 tizatur,
2825 2343 3051 2395 dicturus
3078 2358 3208 2406 sum,
3241 2357 3352 2395 me-

2591 2411 2729 2483 lior?
2776 2411 2836 2468 Si
2875 2427 2967 2467 nec
3003 2414 3093 2483 qui
3129 2413 3352 2483 baptizat

2588 2482 2801 2553 inferior
2829 2494 2936 2547 est,
2961 2482 3050 2537 nec
3078 2485 3163 2553 qui
3188 2482 3352 2549 bapti-

1755 2620 1907 2692 (non)
1935 2623 1999 2674 sit
2028 2621 2226 2692 melior.
2261 2621 2378 2692 Hoc
2405 2622 2556 2687 forte,
2587 2635 2692 2678 etc.

2660 2694 2734 2748 Id.
2778 2695 2886 2750 Sed
2924 2711 3025 2748 non
3071 2696 3126 2749 in
3166 2695 3261 2750 hoc
3295 2712 3350 2751 se

1751 2763 2066 2833 discipulum
2129 2763 2510 2816 demonstravit.
2585 2765 2900 2833 discipulum
2957 2767 3345 2822 demonstravit.

1753 2832 1858 2899 Qui
1885 2835 1948 2888 de
1977 2835 2123 2902 caelo,
2146 2833 2333 2902 inquit,
2365 2844 2471 2888 etc.

2591 2834 2654 2889 Et
2681 2837 2765 2889 ubi
2811 2854 2864 2890 se
2909 2836 3216 2904 discipulum
3259 2837 3349 2891 de-

2585 2908 2922 2987 monstravit?
2965 2908 3065 2974 Qui
3093 2908 3155 2960 de
3181 2911 3305 2962 calo
3325 2947 3345 2975 ,

2583 2979 2773 3047 inquit,
2807 2986 2912 3034 etc.

2651 3047 2828 3103 Codd.
2863 3049 3022 3103 ambo
3057 3067 3070 3103 :
3103 3047 3167 3102 Et
3197 3049 3348 3103 audit

2579 3135 2714 3174 eum.
2765 3118 2902 3191 Ergo
2931 3120 3214 3188 discipulus
3273 3127 3348 3175 est

2578 3191 2666 3258 qui
2726 3200 2845 3262 stat_
2879 3200 2927 3262 et
2956 3261 2961 3262 ί
2991 3193 3134 3246 audit
3185 3193 3346 3262 magi-

2581 3269 2763 3312 strum.
2799 3260 2864 3312 Et
2907 3261 3024 3314 ideo
3069 3270 3189 3329 stat,
3236 3260 3346 3316 de.

2281 3347 2512 3404 SERMO
2535 3347 2809 3406 CCXCIV.

1835 3440 2050 3512 Legitur
2082 3440 2134 3495 in
2159 3439 2282 3495 cod.
2314 3439 2466 3494 Cass.
2498 3455 2590 3508 vn,
2626 3439 2718 3496 tol.
2746 3440 2874 3507 280,
2900 3450 2954 3498 et
2981 3442 3033 3497 in
3069 3440 3188 3497 cod.
3221 3440 3345 3498 Flo-

1764 3532 1960 3588 rentia.
1995 3533 2128 3602 plut.
2161 3546 2291 3586 xvni
2319 3531 2494 3599 dext.,
2537 3530 2660 3587 cod.
2690 3545 2744 3599 ν,
2778 3532 2871 3591 fol.
2905 3531 2993 3588 51.

1834 3625 1974 3681 Edit.
2006 3625 2068 3680 N.
2111 3628 2163 3682 1.
2197 3624 2518 3692 Disputatio-

1765 3711 1850 3751 nes
1861 3697 2200 3768 quorumdam
2219 3713 2333 3768 qua
2343 3698 2514 3763 modo,

1763 3780 1897 3893 6161⁸1.
1930 3839 1984 3892 2.
2019 3837 2304 3909 Parumper
2353 3849 2518 3894 atten-

1765 3910 1887 3964 dite.
1921 3910 2214 3974 Parvulas,
2259 3912 2516 3982 inquiunt,

1766 3983 1860 4035 etsi
1875 3997 1977 4036 non
1991 3982 2300 4053 baptisetur,
2317 3983 2513 4046 merito,

1768 4064 1973 4179 euibid.
2004 4123 2143 4190 Quid
2169 4123 2234 4176 de
2259 4125 2362 4180 vita
2375 4133 2516 4178 teter-

1769 4211 1838 4247 na
1863 4197 1888 4248 ?
1919 4194 2219 4263 Habebunt,
2264 4197 2516 4263 inquiunt.

1774 4266 1947 4331 Quare
2007 4265 2260 4320 habebunt
2293 4268 2318 4320 ?
2385 4268 2522 4333 Quia

1769 4335 1972 4391 nullum
2017 4347 2276 4408 peccatum
2313 4339 2517 4395 habent.

1844 4480 1906 4532 N.
1940 4480 1993 4534 5.
2026 4476 2142 4531 Hac
2179 4495 2391 4550 regnum
2433 4494 2524 4550 no-

1773 4552 1968 4614 minat,
2012 4550 2108 4603 hac
2153 4549 2268 4603 cum
2318 4549 2523 4604 diabolo

1596 4587 1668 4641 ιιά
1696 4600 1746 4660 ι)
1769 4587 2166 4676 instigem:

1845 4693 1974 4746 Ibid.
2011 4690 2210 4744 Recede
2238 4693 2300 4744 de
2329 4691 2518 4760 medio,

1770 4764 1859 4818 sed
1888 4761 1994 4816 noli
2020 4762 2073 4814 in
2100 4762 2375 4815 sinistram.
2429 4803 2436 4810 .

1841 4835 1906 4889 N.
1945 4834 2015 4902 4.7
2043 4830 2110 4885 Et
2162 4831 2270 4887 hac
2318 4833 2521 4902 quidem

1771 4907 1962 4977 fuistis.
1989 4901 2055 4955 Et
2091 4905 2223 4957 unde
2258 4901 2373 4974 1am
2419 4920 2520 4957 non

1769 4987 1886 5030 sunt
1915 4979 1939 5032 ?

1842 5049 1906 5103 N.
1956 5046 2008 5099 6.
2061 5044 2292 5100 Damnas
2349 5055 2519 5099 tamen

1767 5135 1913 5188 quem
1939 5132 2148 5188 separes
2180 5133 2211 5170 a
2239 5132 2395 5186 regno
2419 5133 2520 5169 οω-

1769 5191 1955 5244 lorum.
1989 5190 2216 5243 Damnas
2240 5203 2260 5242 :
2281 5203 2381 5242 non
2403 5203 2518 5242 eum

1769 5262 2009 5327 percutis.

1838 5473 1902 5528 Ν.
1934 5475 1987 5528 7.
2025 5471 2134 5543 Ego
2160 5487 2366 5545 prorsus
2427 5484 2516 5525 ea:-

1767 5547 1952 5602 clamo.

1836 5617 1971 5672 Ibid.
2021 5614 2126 5672 Sed
2157 5615 2282 5678 scio,
2323 5613 2512 5681 inquis.

1770 5689 1919 5763 Unde
1937 5687 2076 5747 scis?
2102 5687 2234 5763 Quia
2265 5685 2517 5744 Dominus

1764 5761 1914 5816 dixit.

2661 3626 2794 3682 Cod.
2845 3642 2897 3680 ν.
2958 3625 3340 3695 Disputationes

2585 3698 2962 3765 quorumdam,
3028 3699 3117 3768 qui
3163 3701 3333 3764 modo,

2592 3779 2697 3823 etc.

2659 3839 2794 3895 Cod.
2821 3855 2910 3894 vn.
2951 3838 3236 3910 Parumper
3261 3849 3342 3896 at-

2591 3912 2798 3965 tendite.
2831 3910 2966 3975 Quid
2991 3912 3181 3976 dicant,
3201 3913 3337 3966 dico.

2593 3980 2872 4048 Parvutus,
2909 3984 3162 4050 inquiunt,
3189 3984 3340 4037 meri-

2593 4062 2664 4119 to,
2695 4063 2798 4106 etc.

2662 4122 2796 4177 Cod.
2825 4139 2875 4176 v.
2917 4122 2981 4177 Si
3024 4121 3227 4193 quidem
3267 4126 3342 4178 vi-

2593 4202 2695 4247 tam
2716 4205 2956 4248 wternam
2979 4195 3248 4262 habtbunt,
3270 4195 3343 4250 in-

2593 4267 2789 4334 quiunt.
2835 4265 3001 4330 Quare
3049 4265 3344 4320 habebunt?

2597 4337 2730 4400 Quia
2755 4336 2956 4390 nullum
2983 4347 3239 4406 peccatum
3262 4337 3345 4391 ha-

2594 4408 2829 4460 buerunt.

2667 4477 2741 4531 Id.
2784 4477 2915 4531 Hinc
2941 4492 3151 4549 regnum
3180 4479 3344 4532 nanti-

2594 4559 2701 4613 nat,
2718 4549 2836 4602 hinc
2850 4563 2964 4602 cum
2978 4548 3180 4602 diabolo
3197 4549 3345 4601 dam-

2595 4621 2870 4672 nationem.

2667 4689 2742 4742 Id.
2793 4689 2988 4743 Recede
3037 4689 3100 4741 de
3153 4688 3340 4758 medio,

2594 4760 2684 4812 sed
2707 4760 2813 4812 noli
2848 4761 3128 4812 sinistram.

2668 4830 2745 4884 Id.
2879 4830 2974 4883 hoc
3013 4829 3214 4900 quidem
3243 4829 3344 4898 fui-

2593 4901 2707 4957 stis.
2761 4898 2828 4953 Et
2877 4900 2989 4954 vide
3012 4898 3034 4968 ,⁷
3073 4901 3188 4970 jam
3241 4915 3341 4954 non

2592 4982 2728 5026 sunt.

2664 5041 2797 5098 Cod.
2821 5058 2911 5096 vn.
2951 5039 3178 5096 Damnas
3226 5056 3342 5095 eum

2591 5129 2740 5183 quem
2767 5129 2973 5186 κεραῖαι
2997 5129 3028 5166 a
3055 5127 3212 5186 regno
3248 5127 3342 5186 cat-

2591 5182 2781 5239 lorum.
2808 5182 3032 5236 Damnas
3059 5182 3209 5254 quem
3237 5183 3343 5236 dis-

2589 5257 2755 5309 socias
2799 5269 2832 5308 a
2870 5259 3104 5309 societate
3140 5263 3342 5308 sancto-

2589 5341 2726 5379 rum.
2755 5324 2874 5380 Jam
2899 5341 3001 5380 non
3027 5340 3138 5378 eum
3159 5337 3341 5394 pereu-

2589 5398 2674 5450 tis.

2660 5466 2793 5522 Cod.
2835 5483 2886 5521 v.
2934 5465 3073 5534 Ergo
3130 5478 3338 5533 prorsus

2587 5540 2838 5592 exclamo.

2661 5605 3006 5662 Cod.vu.8cd
3017 5606 3335 5672 scio,inquis.

2595 5679 2732 5745 Quid
2778 5678 2926 5732 scis?
2985 5676 3104 5732 Non
3149 5677 3339 5728 iturum
3428 5736 3434 5742 _

2589 5747 2870 5826 parvulun_t_
2907 5751 2957 5826 in
2993 5759 3340 5826 regnumth-

2593 5815 2780 5876 torum.
2827 5818 2974 5874 Unde
3014 5815 3161 5878 scis?
3205 5815 3340 5883 Quia

2592 5895 2840 5951 Dominus
2865 5893 3013 5947 dicit.
