4018 6496
554 435 688 491 1183

625 547 691 605 Ν.
723 547 774 601 8.
809 544 953 601 Unde
979 541 1141 597 vicisti
1171 538 1299 594 bono

552 617 715 675 illius.

593 688 756 772 .Ibid.
806 686 945 742 Nam
1011 699 1161 756 quem
1231 681 1303 735 vi-

556 769 692 886 ίΜΝ
706 828 760 885 9.
785 827 868 884 Ita
887 825 1160 882 dividendo
1177 825 1305 893 duas

554 899 1195 972 personasjnduceremus.

630 971 761 1028 Ibid.
791 971 936 1034 Noli,
958 969 1141 1038 inquit,
1169 981 1302 1038 sepa-

556 1059 700 1124 rare,
723 1058 871 1114 quem
897 1041 1007 1122 volo
1025 1034 1308 1117 copulare,

628 1113 760 1168 ιδιά.
788 1111 893 1168 Sed
912 1121 957 1164 et
982 1125 1034 1162 su
1062 1109 1300 1175 ctelo,qut

631 1148 760 1168 ιυιυι.
832 1148 891 1165 ο..
912 1148 957 1164 υ.
1062 1148 1182 1162 ...ην

560 1148 866 1237 ambulatuin
897 1192 1048 1234 terra.
1192 1148 1204 1172 I

629 1253 692 1307 Ν.
728 1252 814 1307 10.
848 1250 963 1306 Hoc
998 1247 1309 1321 c’rgodicere

558 1323 737 1389 voluit,
761 1323 926 1378 Nemo
947 1318 1194 1385 ascendit,
1212 1318 1312 1372 nisi

563 1396 653 1464 qui
675 1394 954 1448 descendit.

633 1606 697 1660 Ν.
733 1606 818 1660 II.
859 1602 1054 1658 Fundit
1105 1599 1316 1670 sangui-

561 1691 674 1730 nem
701 1676 932 1731 Christus
969 1675 1022 1726 in
1053 1672 1311 1726 remissio-

560 1763 673 1800 nent
697 1757 1036 1805 peccatorum.

630 1817 694 1873 Ν.
723 1819 808 1872 15.
835 1817 998 1870 Adam
1021 1812 1214 1881 primus
1235 1827 1314 1865 ac-

561 1889 695 1957 cepit
723 1903 970 1941 morsum.

633 1959 766 2014 Ibid.
837 1957 928 2012 Ut'
969 1955 1034 2008 de
1103 1961 1307 2022 peccato

561 2029 828 2085 damnaret
909 2035 1168 2098 peccatum
1254 2023 1309 2077 in

561 2117 714 2156 carne
753 2117 772 2156 :
821 2099 884 2154 de
931 2107 1135 2168 peccato
1189 2109 1307 2164 pec-

563 2185 643 2227 cat
649 2189 680 2226 u
686 2189 731 2225 m
740 2209 754 2224 .

635 2243 699 2299 Ν.
737 2243 819 2298 IL.
857 2239 976 2294 Nisi
1001 2239 1087 2293 ille
1108 2237 1198 2299 qui
1222 2253 1316 2290 na-

564 2323 647 2368 tus
669 2324 741 2369 est
776 2313 886 2368 sine
921 2311 1061 2365 vitio.
1094 2307 1168 2362 Ab
1194 2307 1312 2375 hac,

567 2393 701 2539 cuii.
739 2455 827 2538 15.
895 2453 1068 2508 Unum
1124 2448 1316 2520 aliquid

564 2536 934 2581 acutissimum.

637 2597 768 2652 Ibid.
817 2592 1117 2665 Respondeo
1168 2606 1316 2665 pror-

566 2684 648 2724 sus
673 2683 692 2722 :
717 2667 837 2721 Non
866 2662 1060 2736 primus
1097 2662 1316 2732 peccavit

567 2737 750 2792 Adam.

637 2807 697 2862 N.
727 2804 930 2878 I8.,Ibi
976 2812 1026 2859 et
1052 2804 1317 2878 _n_tarit_um

568 2878 716 2934 habet
741 2877 1021 2945 inﬁdelem,
1045 2875 1114 2928 ibi
1138 2873 1312 2939 habes,

567 2960 672 3009 CIC.

639 3019 772 3076 Ibid.
806 3017 1175 3087 Sattcti/icatur
1209 3030 1319 3068 mu-

568 3093 660 3147 lier
721 3090 940 3159 inﬁdelis
992 3085 1064 3141 in
1137 3085 1314 3154 fratre.

569 3160 857 3228 Numquid,
889 3169 994 3214 etc.

635 3232 705 3288 N:
728 3225 819 3303 19.
860 3229 994 3296 Quia
1022 3227 1172 3283 veteri
1207 3225 1318 3297 lege

571 3319 672 3359 non
699 3302 903 3356 licebat.

637 3373 702 3428 N.
724 3371 813 3427 ΞΟ.
844 3371 978 3440 Quia
1017 3377 1193 3441 postea
1238 3367 1320 3422 di-

571 3444 790 3518 ligenda.

1457 421 1832 481 SERMONUM'
1871 413 2319 476 GENUINORIIM
2356 415 2413 472 S.
2455 408 2820 470 AUGUSTINI

1443 537 1578 591 Cod.
1607 552 1658 591 ν.
1707 535 1856 590 Unde
1894 550 2008 588 eum
2046 531 2121 587 vi-
2146 534 2198 593 Α
2309 528 2455 582 Edit.
2486 527 2548 583 Ν.
2582 527 2630 580 1.
2658 525 2850 580 Recens
2869 535 2990 576 san-

1373 608 1485 663 cisti
1514 608 1644 661 bono
1674 607 1834 660 illius.

1445 678 1521 733 Id.
1556 678 1693 732 Nam
1717 693 1831 731 eum
1859 691 2005 746 quem
2043 675 2119 727 vi-

1377 749 1512 804 cisti.

1447 819 1525 874 Id.
1560 817 1651 872 lla
1683 817 1953 873 dividendo
1994 816 2122 869 duos

1378 891 1748 944 induceremus.

1450 961 1524 1016 Id.
1567 959 1714 1025 Noli,
1754 959 1934 1028 inquit,
1977 973 2121 1026 sepa-

1379 1048 1510 1097 rare,
1542 1031 1676 1101 quod
1713 1030 1828 1084 volo
1865 1030 2122 1101 copulare.

1453 1102 1526 1156 Id.
1555 1099 1712 1157 Sedet
1759 1102 1811 1155 in
1855 1099 1998 1167 mlo,
2040 1099 2127 1170 qui

1378 1172 1664 1228 ambulabat
1687 1175 1736 1225 in
1760 1183 1910 1224 terra.

1451 1244 1584 1299 Cod.
1619 1259 1710 1297 vn.
1742 1241 1856 1296 Hoc
1883 1242 2018 1294 enim
2049 1240 2131 1294 di—

1382 1329 1491 1368 cere
1504 1315 1681 1381 uoluit,
1700 1313 1865 1367 Nemo
1879 1310 2129 1376 ascendit,

1381 1386 1479 1438 nisi
1541 1385 1628 1454 qui
1669 1380 2133 1455 ejus_membrunt

1383 1451 1562 1525 {actus
1581 1451 1752 1524 fuerit.
1784 1451 1953 1506 Nemo
1999 1454 2134 1525 enim

1379 1524 1626 1590 ascendit,
1638 1525 1736 1578 nisi
1751 1525 1835 1593 qui
1847 1524 2130 1577 descendit.

1458 1593 1592 1664 Cod.
1615 1611 1668 1649 ν.
1703 1594 1901 1648 Fundit
1928 1594 2136 1664 sangui-

1385 1682 1499 1721 nem
1536 1663 1765 1719 Christus
1798 1667 1850 1717 in
1881 1663 2130 1719 remissim

1381 1752 1494 1792 nem
1520 1737 1745 1790 omnium
1793 1745 2130 1804 peccatorum.

1455 1806 1532 1861 Id.
1561 1807 1727 1861 Adam
1754 1810 1918 1876 primo
1944 1808 2136 1878 accepit

1385 1894 1628 1932 morsum.

1452 1947 1530 2003 Id.
1565 1948 1632 2003 Ut
1662 1949 1724 2001 de
1757 1956 1960 2018 peccato
1985 1949 2134 2001 dam-

1381 2029 1524 2073 naret
1546 2027 1834 2091 peccantem
1857 2019 1912 2072 in
1938 2034 2091 2073 carne
2112 2034 2132 2073 :

1383 2091 1444 2145 de
1475 2099 1677 2161 peccato
1707 2097 2014 2161 peccantem.

1459 2231 1534 2288 Id.
1568 2230 1689 2286 Nisi
1732 2231 1820 2302 qui
1865 2239 2014 2302 natus
2054 2240 2136 2302 est

1388 2303 1495 2358 sine
1548 2304 1669 2358 vitio
1712 2301 1888 2359 homo.
1920 2301 1993 2355 Ab
2042 2301 2138 2356 hac

1389 2383 1491 2431 etc.

1465 2444 1540 2500 Id.
1578 2443 1750 2500 Unum
1777 2444 1922 2498 aliud
1947 2443 2141 2497 acutis?

1386 2517 1591 2572 simum.

1456 2587 1534 2642 Id.
1560 2587 1860 2657 Respondeo
1882 2602 1899 2640 :
1918 2584 2139 2641 Prorsus

1389 2675 1490 2713 non
1511 2659 1702 2726 primus
1715 2658 1939 2728 peccavit
1951 2658 2136 2711 Adam.

1463 2799 1538 2854 Id.
1572 2798 1671 2854 Ubi
1699 2797 1849 2852 habes
1891 2807 1936 2852 et
1984 2798 2142 2852 mari-

1392 2880 1496 2924 tum
1525 2871 1808 2939 inﬁdelem,
1851 2869 1920 2922 ibi
1964 2867 2138 2931 habes,

1391 2949 1538 3067 cuIit.
1565 3011 1930 3080 Sanctiﬁcatur
1959 3009 2144 3064 mulier

1389 3083 1621 3163 inﬁdelis.
1650 3087 1720 3163 ‘in
1758 3081 1936 3163 fratre
1981 3080 2141 3150 ﬁdeli.

1393 3153 1682 3223 Numquid,
1717 3160 1822 3208 etc.

1462 3224 1536 3279 Id.
1577 3224 1712 3291 Quia
1755 3223 1807 3277 in
1830 3222 1985 3277 veteri
2040 3222 2146 3293 lege

1391 3311 1500 3350 non
1531 3295 1730 3348 licebat.

1465 3366 1539 3422 Id.
1597 3365 1664 3420 Ut
1711 3365 1764 3418 in
1809 3379 1924 3419 var.
1973 3363 2143 3418 Maur.

1397 3437 1532 3505 Quia
1559 3445 1732 3506 postea
1759 3433 2045 3505 diligentia.

1102 3549 1340 3608 SERMO
1378 3547 1627 3605 CCXCV.

648 3649 861 3720 Legitur
888 3646 940 3701 in
971 3643 1104 3700 Cod.
1135 3644 1285 3698 Cass.
1314 3657 1407 3708 xu,
1437 3641 1532 3696 Iol.
1561 3638 1687 3696 235.

647 3741 784 3796 Edit.
828 3738 891 3794 Ν.
937 3739 988 3792 1.
1052 3735 1144 3789 Vis
1184 3750 1334 3788 nosse

1466 3732 1602 3787 Cod.
1632 3730 1722 3785 Vis
1757 3747 1902 3786 nosse
1943 3731 2006 3786 de
2048 3746 2150 3797 qua

574 3816 636 3885 de
646 3827 747 3885 qua
759 3818 902 3879 petra
915 3808 1096 3885 Petrus
1109 3805 1336 3859 dicatur?
1397 3812 1542 3885 petra
1567 3802 1788 3885 Petrus?
1820 3801 1970 3855 Dicat
2001 3800 2148 3856 Pau-

576 3880 804 3939 Paulum
821 3880 965 3937 audi.

642 3953 708 4010 Ν.
750 3953 806 4007 3.
836 3952 897 4008 Si
939 3965 1027 4004 cor
1054 3946 1239 4020 tangit,
1268 3954 1325 4000 ut

573 4025 768 4100 peccati
795 4093 824 4100 Α
853 4022 1104 4100 confessio
1150 4019 1156 4020 ⁷
1185 4019 1327 4100 {oras

573 4089 740 4152 exeat.
786 4092 890 4149 Sed
936 4089 1118 4157 parum
1157 4089 1328 4142 adhuc

574 4167 762 4236 ligatus
803 4173 894 4219 est.
926 4161 1192 4228 Dominus,
1220 4170 1324 4214 etc.

1399 3873 1480 3928 lus
1501 3891 1518 3938 ;
1551 3873 1746 3928 audite.

1473 3945 1551 4000 Id.
1609 3943 1698 4000 Sic
1760 3943 2011 3999 Dominus
2063 3960 2151 3998 cor

1401 4017 1584 4088 tangit,
1604 4022 1660 4088 u_t
1687 4016 1878 4088 peccati
1902 4015 2150 4088 confessio

1402 4083 1540 4154 foras
1590 4083 1744 4156 (Cod.
1803 4091 1942 4140 male
1996 4083 2148 4155 foris)

1401 4166 1566 4212 exeat.
1609 4156 1715 4210 Sed
1764 4173 1944 4227 parum
1985 4157 2152 4227 adhuc

1401 4228 1606 4298 prodest
1660 4226 1907 4295 confessio
1958 4226 2154 4296 peccati

574 4307 797 4365 hominis
824 4305 991 4360 adhuc
1022 4301 1189 4373 ligati.
1222 4297 1635 4373 Dontinus,_ett_:.

644 4379 708 4435 Ν.
759 4379 812 4431 5.
871 4371 1138 4444 Numquid
1192 4371 1324 4444 enim

577 4448 774 4503 Paulus
801 4463 893 4517 pro
942 4440 1078 4499 vobis
1120 4440 1327 4510 cruciﬁ-

575 4535 669 4574 xus
696 4520 807 4572 est?

644 4587 711 4643 Ν.
761 4589 816 4644 6.
870 4584 941 4640 Te
981 4583 1125 4639 ludis
1157 4627 1173 4653 ,
1207 4598 1325 4636 nam

577 4658 830 4723 Ecclesia,
853 4667 961 4713 etc.

578 4802 596 4858 ι
648 4730 780 4811 Ibid.
806 4725 1112 4799 Trepidabat
1137 4724 1330 4796 famam

601 4819 708 4858 um.

601 4819 708 4856 μοι.

757 4870 806 4925 8.
867 4868 1004 4936 Quid
1051 4869 1331 4939 quaerunt?

578 4942 759 4999 Minus
801 4941 1022 5007 habent,
1065 4938 1122 4993 si
1163 4938 1330 4991 adhuc

579 5015 756 5070 laudes
786 5012 1047 5067 hominum
1075 5015 1326 5079 quarunt.

583 5085 643 5142 Si
672 5085 844 5139 adhuc
874 5082 1048 5136 laudes
1072 5080 1334 5132 hominum

577 5164 832 5225 quatrunt,
848 5153 1070 5208 nondum
1087 5150 1328 5204 vicerunt.

525 5259 543 5325 ’ί
651 5294 785 5351 Ibid.
819 5293 922 5364 Sed
962 5293 1076 5364 quis
1101 5292 1171 5364 in
1210 5291 1329 5347 eis?

582 5365 820 5438 Illequi
856 5361 1044 5438 dixit:
1087 5361 1213 5417 Sine
1255 5378 1334 5417 me

583 5437 716 5494 nihil
741 5435 959 5509 potestis
979 5435 1169 5506 facere.

1466 4369 1542 4424 Id.
1582 4367 1850 4437 Numquid
1881 4367 2014 4422 enim
2052 4365 2154 4429 Pe-

1398 4448 1505 4492 trus
1549 4447 1592 4493 et
1644 4438 1842 4492 Paulus
1881 4453 1975 4508 pro
2014 4438 2152 4493 vobis

1396 4509 1674 4578 cruciﬁxus
1703 4518 1774 4562 est
1799 4510 1822 4562 ?

1470 4580 1545 4635 Id.
1580 4578 1654 4633 Te
1702 4579 1869 4648 (tedis,
1908 4595 2010 4633 non
2039 4595 2148 4645 me;

1403 4649 1660 4720 Ecclesia,
1692 4659 1796 4706 etc.

1402 4793 1537 4865 lupi.

1409 5078 1673 5131 hominum
1721 5083 1953 5145 quierunt
1972 5115 1986 5140 ,
2031 5144 2042 5145 ί
2057 5089 2159 5145 non

1405 5148 1656 5201 mundum
1720 5143 1961 5201 vicerunt.
2027 5143 2160 5199 Vide

1399 5233 1518 5273 var.
1547 5218 1714 5272 Maur.

1474 5289 1552 5344 Id.
1575 5288 1680 5342 Sed
1701 5289 1824 5359 quid
1840 5288 1899 5359 in
1917 5287 1990 5341 eis
2006 5287 2039 5359 ?_
2051 5283 2160 5359 Do-

1404 5361 1572 5414 minus
1604 5357 1774 5413 nost'er
1819 5357 1971 5413 Jesus
2002 5357 2156 5411 Chri-

1403 5431 1635 5500 stus,qui
1656 5430 1786 5483 dixit
1810 5445 1826 5485 :
1851 5429 1974 5485 Sine
1988 5445 2066 5483 me
2079 5428 2158 5500 nif

1404 5502 1478 5556 hil
1545 5498 1750 5570 potestis
1818 5505 2024 5571 facere;
2071 5498 2158 5571 qui
2211 5512 2213 5515 '

581 5580 700 5634 virit
742 5587 786 5632 et
827 5585 1007 5647 regnat
1041 5590 1153 5629 cum
1186 5573 1363 5640 Patre,
1401 5577 1453 5628 in
1483 5575 1680 5627 unitate
1718 5570 1944 5643 Spiritus
1972 5570 2153 5636 sancti,

585 5649 742 5716 Deus,
772 5663 860 5717 per
885 5647 1056 5702 omnia
1069 5647 1261 5701 saecula
1287 5647 1613 5702 saeculorum.
1633 5648 1813 5699 Amen.

1107 5737 1341 5794 SERMO
1370 5737 1644 5794 CCXCVI.

657 5828 872 5898 Legitur
893 5829 944 5884 in
967 5827 1086 5884 cod.
1124 5829 1277 5884 Cass.
1304 5846 1376 5896 ιι,
1401 5829 1491 5885 iol.
1514 5828 1642 5893 est,
1659 5827 1748 5884 ubi
1775 5827 1956 5883 titulus
1975 5823 2154 5891 habet,

595 5918 660 5973 De
691 5918 970 5988 Evangelio
1012 5921 1064 5974 iu
1095 5937 1195 5990 quo
1225 5922 1318 5989 ait,
1367 5921 1547 5979 Simon
1575 5920 1814 5988 Joannis,
1844 5920 2014 5984 diligis
2039 5918 2156 5975 me?

2225 608 2290 653 cts
2313 598 2577 666 Evangelii
2606 597 2775 651 lectio.

2295 669 2427 725 Ibid.
2446 658 2616 739 Major
2630 677 2988 734 amatorquam

2223 752 2451 811 negator.

2295 805 2429 894 Ibid.
2447 809 2553 865 Séd
2574 819 2690 862 tunc
2701 823 2803 861 non
2814 805 2978 876 potuit

2225 897 2366 952 sequi
2398 896 2660 948 passurus.

2297 953 2432 1007 Ibid.
2453 950 2704 1006 Dominus
2717 955 2981 1016 postquam

2227 1023 2520 1086 resurrexit,
2563 1021 2705 1074 docet
2748 1017 2976 1071 Petrum.

2225 1098 2227 1101 ’
2302 1093 2437 1148 Ibid.
2464 1091 2762 1146 lnordinate
2782 1103 2980 1154 amans,

2229 1166 2434 1231 defecit.

2301 1234 2430 1291 Ibid.
2479 1232 2722 1289 Promisit
2790 1229 2989 1302 passio-

2231 1323 2365 1363 nem.

2274 1376 2438 1462 31.2.
2465 1373 2585 1430 Non
2606 1375 2838 1440 dixisset,
2865 1371 2986 1427 Pro-

2233 1459 2411 1522 pitius.

2305 1519 2441 1575 Ibid.
2470 1517 2536 1573 In
2583 1534 2681 1584 quo
2726 1523 2773 1571 et
2817 1528 2990 1568 resur-

2237 1601 2486 1645 recturus.

2306 1661 2436 1716 Ibid.
2470 1660 2602 1716 Redi
2641 1667 2800 1723 retro,
2833 1656 2993 1713 Sata-

2235 1749 2438 1858 naIbid.
2458 1799 2876 1872 Terqitlacrgmis
2894 1811 2997 1868 pte-

2160 1910 2210 1971 B
2239 1875 2358 1929 tatis
2380 1875 2547 1928 cordis
2577 1873 2885 1941 negationes.

2317 1946 2356 1971 lu
2405 1945 2434 1971 α
2486 1943 2550 1971 n.
2578 1955 2646 1971 ι...
2670 1942 2880 1971 ..Ακεηηρ

2313 1946 2379 1999 Ν.
2405 1945 2459 1998 5.
2484 1943 2550 1999 Ut
2575 1955 2646 1997 ter
2666 1942 2994 2009 conﬁteretur

2237 2032 2399 2081 amor,
2443 2015 2578 2087 quod
2614 2023 2687 2068 ter
2727 2017 2992 2083 negaverat

2241 2089 2411 2141 timor.

2312 2157 2447 2212 Ibid.
2506 2155 2576 2210 Et
2633 2153 2994 2210 commendatis

2240 2227 2397 2284 Petro
2427 2229 2598 2282 ovibus
2624 2229 2748 2292 suis,
2782 2235 2830 2279 et
2854 2240 2995 2278 com-

2239 2299 2476 2353 mendato
2536 2296 2830 2351 sibi‘Petro
2883 2311 2999 2348 cum

2238 2371 2408 2425 ovibus
2428 2370 2532 2440 suis
2544 2370 2653 2440 jam
2667 2368 2996 2437 praenuntiat.

2309 2441 2375 2496 Ν.
2400 2443 2453 2495 4.
2491 2439 2778 2505 Pretiosas,
2801 2445 2999 2507 emptas

2241 2529 2344 2568 non
2383 2527 2531 2565 auro.

2315 2584 2427 2638 Ibid
2439 2623 2451 2637 .
2472 2581 2723 2636 Idoneum
2737 2589 2862 2635 esset
2882 2595 2996 2650 pre-

2251 2656 2397 2710 tium.

2313 2725 2379 2780 N.
2408 2725 2460 2782 5.
2489 2723 2516 2778 Ι
2524 2725 2572 2778 bi
2599 2733 2736 2778 certa
2761 2722 2993 2776 victoria.

2277 2796 2376 2879 LN.
2405 2798 2459 2852 6.
2497 2797 2621 2862 Quae
2665 2803 2782 2848 sunt
2812 2807 2993 2864 propo-

2244 2877 2365 2923 sita.

2318 2937 2452 2994 Ibid.
2480 2937 2722 3006 Qna’libet
2737 2935 3000 3008 quantali-

2229 3011 2326 3067 bet
2363 3010 2644 3064 tribulatio.
2759 3032 2766 3038 -

2323 3081 2453 3136 Ibid.
2487 3078 2569 3134 Ibi
2607 3087 2723 3134 sunt
2752 3078 2840 3133 sed
2871 3077 2926 3130 in
2955 3086 3002 3131 te

2250 3168 2350 3205 non
2374 3161 2488 3206 SIlIIl
2501 3190 2510 3200 .

2324 3223 2455 3278 Ibid;
2491 3221 2700 3277 Utinam
2741 3222 2794 3275 in
2846 3228 2894 3273 te
2923 3236 2998 3274 es-

2169 3303 2217 3364 u
2247 3303 2380 3376 sent,
2407 3295 2732 3376 quisquisnila
2759 3292 2998 3374 loqueris,

2250 3361 2478 3446 quisquis
2505 3361 2578 3446 ita
2620 3362 2829 3445 desipis,
2859 3361 3001 3446 quis-

2253 3433 2387 3504 Quis‘
2430 3445 2632 3490 vocatus
2705 3434 2756 3487 in
2787 3433 3002 3504 ,spiritu

2252 3502 2530 3560 carnaliter
2573 3504 2731 3576 sapis.
2777 3502 3002 3558 Prorsus

2250 3578 2423 3632 adhuc
2470 3578 2765 3649 patientiam
2815 3577 2969 3649 doceo
2982 3616 2997 3642 ,

2250 3644 2481 3703 nondum
2519 3649 2837 3716 sapientiam.
2890 3644 2998 3698 Pa-

2252 3721 2381 3773 tiens
2412 3730 2536 3786 esto,
2580 3719 2830 3772 Dominus
2871 3719 2994 3770 vult.

2256 3789 2453 3856 Quteris
2478 3807 2636 3862 quare
2656 3790 2813 3862 velit?
2840 3786 3003 3855 Differ

2253 3861 2498 3915 secretum
2527 3861 2846 3931 cognitionis,
2872 3871 3000 3912 stre-

2255 3933 2505 3984 nuitatem
2532 3932 2832 3985 obedientite
2873 3945 3004 3997 prae-

2251 4018 2401 4072 para.
2435 4001 2593 4055 Ferre
2633 4011 2681 4055 te
2709 4002 2846 4066 vult;
2876 4002 3004 4071 ferto

2253 4072 2390 4140 quod
2420 4072 2545 4140 vult,
2573 4079 2676 4127 etc.

3700 390 3817 450 II8I

3131 517 3268 574 Cod.
3315 515 3565 570 Prwsens
3618 527 3818 581 (eumge-

3065 590 3162 644 liea
3192 589 3372 644 lectio.

3130 659 3212 715 Id.
3257 659 3391 713 Tam
3439 662 3822 722 antun-

3063 740 3292 795 negator.
3579 791 3586 795 _

3147 803 3201 884 (Ι.
3234 802 3344 857 Sed
3377 810 3509 855 tunc
3535 814 3641 852 non
3665 798 3821 868 potuit

3052 888 3203 998 “‘i'i'.
3229 889 3498 998 Ἐοᾚῒεξε
3521 949 3640 1010 pou
3661 957 3822 994 resur-

3053 1015 3332 1069 rectionem
3389 1016 3545 1066 docet
3597 1010 3821 1064 Petrum.

3127 1083 3205 1144 Id.
3225 1084 3546 1141 Inordinate
3558 1092 3722 1148 amat,
3739 1081 3822 1135 sed

3061 1158 3256 1232 deﬁcit.

3131 1222 3204 1288 Id.
3278 1223 3559 1283 Promittit
3637 1222 3825 1292 passio-

3257 1370 3382 1425 Non
3440 1368 3664 1431 diceret,
3703 1363 3824 1419 Pro-

3058 1455 3235 1514 pitius.

3131 1516 3206 1572 Id.
3235 1514 3300 1568 In
3326 1527 3431 1581 quo
3454 1519 3571 1565 erat
3596 1517 3646 1562 et
3668 1523 3822 1561 reur-

3063 1599 3317 1644 recturus.

3132 1658 3213 1712 Id.
3245 1655 3386 1712 Redi
3417 1661 3586 1715 retro,
3618 1650 3820 1706 Salano.

3140 1798 3218 1853 Id.
3251 1796 3434 1864 Tergit
3460 1792 3709 1864 lacrymis
3733 1792 3820 1860 pic-

3067 1870 3183 1924 tatis
3207 1862 3393 1922 sordes
3419 1862 3730 1936 negationis.

3135 1941 3212 1996 Id.
3278 1937 3348 1994 Ut
3403 1935 3504 1989 ter’
3539 1935 3822 2000 conﬁteatur

3065 2026 3242 2076 amor;
3282 2010 3410 2079 quia
3452 2019 3536 2059 ter
3573 2011 3825 2074 negarent

3067 2085 3237 2138 timor.

3137 2152 3214 2207 Id.
3245 2151 3310 2205 Et
3329 2145 3713 2204 commendatis
3735 2142 3826 2196 Pe-

3069 2234 3150 2279 tro
3177 2224 3357 2276 ovibus
3390 2221 3530 2282 suis,
3565 2222 3681 2290 jam
3709 2231 3827 2286 τινες·

3071 2295 3286 2350 nuntiat.

3143 2438 3216 2494 ld.
3267 2435 3397 2490 Non
3427 2432 3605 2505 pretio
3631 2438 3824 2497 est-ptas,

3073 2525 3173 2565 non
3193 2524 3348 2561 auro.

3095 2653 3108 2664 ⁸
3140 2581 3214 2635 Id.
3245 2577 3519 2632 Idoneum
3560 2583 3682 2628 esset
3722 2585 3827 2637 prc-

3069 2663 3215 2778 uoId.
3261 2720 3344 2774 Ibi
3389 2734 3585 2773 secura
3613 2677 3824 2768 victoria.

3140 2793 3216 2849 Id.
3254 2795 3388 2860 Qua:
3410 2791 3519 2844 sint
3556 2786 3823 2856 proposita.

3141 2937 3220 2992 Id.
3254 2931 3519 2999 Qua'libet
3552 2939 3601 2982 et
3631 2934 3823 2996 quanta-

3072 3010 3191 3064 libet
3224 3003 3531 3061 tribulatio.

3141 3079 3215 3134 Id.
3237 3077 3316 3131 lbi
3340 3085 3488 3137 sunt,
3508 3070 3583 3125 ibi
3601 3080 3734 3138 sunt,
3750 3067 3824 3122 sed

3071 3152 3124 3207 in
3155 3161 3201 3205 te
3225 3166 3333 3203 non
3363 3155 3514 3201 sunt.

3141 3222 3214 3276 Id.
3254 3220 3476 3275 Utinam
3508 3217 3640 3268 inte
3661 3221 3824 3276 essent,

3071 3293 3300 3363 quisquis
3322 3291 3429 3363 ista
3444 3285 3825 3363 loqueristqm:

3071 3354 3183 3434 quis
3199 3354 3312 3415 ista
3343 3354 3582 3434 desipis,
3624 3354 3826 3434 quisq-is

3073 3425 3281 3490 vocatus
3334 3431 3392 3483 in
3444 3429 3640 3493 spiritu
3680 3425 3825 3476 adhuc

3075 3521 3281 3560 carnem
3297 3501 3441 3570 sapis
3452 3496 3714 3566 ,‘quisquis
3725 3495 3824 3546 talis

3070 3593 3147 3640 es,
3160 3578 3364 3628 utinam
3388 3571 3522 3623 i-t‘te
3555 3575 3718 3640 essent
3733 3581 3822 3640 3e-

3072 3634 3249 3701 suort'te
3293 3638 3699 3712 apostolorum!

3071 3726 3185 3772 nam
3201 3727 3255 3770 tu
3275 3705 3540 3785 cogitares
3557 3705 3824 3785 apostolos!

3080 3789 3295 3843 Videres
3320 3781 3628 3839 utrumnam
3651 3781 3720 3832 eis
3739 3789 3826 3829 tero

3074 3877 3198 3914 rena
3217 3859 3445 3929 felicitas
3460 3853 3713 3929 promissa
3732 3851 3826 3929 {ue-

3076 3936 3143 3984 rit
3185 3922 3253 3983 an
3288 3922 3506 3983 a'terna.
3542 3922 3679 3977 Audi
3713 3922 3827 3989 Apo-

3076 4003 3284 4069 stolum,
3306 4001 3347 4053 si
3373 3998 3498 4069 vivi_t
3521 3998 3574 4046 in
3597 4005 3646 4069 te
3665 4007 3830 4069 nemo:

3075 4076 3155 4128 ria
3197 4062 3384 4139 ipsius.
3445 4067 3660 4120 Etenim
3720 4062 3829 4139 quid

3073 4145 3184 4200 est?
3207 4133 3535 4212 Qumleuim
3555 4133 3830 4212 temporale

2254 4221 2337 4267 est
2360 4213 2475 4268 levo
2497 4213 2851 4268 tribulationis
2871 4223 3087 4282 nostrae,
3111 4218 3164 4271 in
3195 4205 3575 4282 incredibilem
3599 4207 3826 4282 modum.

2253 4291 2308 4338 ct
2333 4300 2490 4352 supra
2522 4285 2886 4339 incredibilem
2926 4281 3161 4352 modum,
3190 4297 3451 4341 aeternum
3483 4281 3676 4351 gloria:
3696 4291 3830 4352 pon-

2253 4355 2352 4408 dus
2375 4363 2626 4424 operatur
2648 4355 2702 4408 in
2734 4355 2908 4426 nobis,
2936 4372 3041 4413 non
3062 4356 3478 4426 reSpicientibus

3507 4348 3633 4433 Qua
3662 4348 3829 4433 viden-

2255 4433 2360 4491 tur,
2384 4427 2477 4510 ξφα
2502 4440 2622 4510 quas
2647 4441 2753 4480 non
2783 4425 3058 4494 videntur;
3086 4425 3203 4498 qua:
3218 4427 3368 4510 enim
3400 4425 3674 4484 ridentur,
3699 4430 3826 4473 ten-

2254 4497 2456 4566 poralia
2501 4506 2645 4554 sunt.
2674 4511 2794 4563 qua:
2835 4505 3009 4566 autem
3043 4497 3148 4553 non
3181 4497 3453 4558 videntur,
3484 4504 3691 4566 aeterna
3719 4498 3831 4542 sunt

2257 4564 2344 4638 (11
2367 4567 2484 4620 Cor.
2501 4583 2582 4640 tv,
2609 4568 2695 4631 I7,
2723 4567 2833 4635 18).
2860 4564 2926 4640 In
2948 4571 3059 4640 ipso
3082 4568 3236 4640 Petro
3257 4566 3561 4640 temporali:
3581 4564 3677 4631 fuit
3700 4575 3830 4621 cae,

2255 4634 2302 4690 et
2332 4654 2432 4690 non
2463 4639 2536 4691 vis
2582 4646 2637 4690 ut
2667 4634 2977 4706 temporalis
2999 4640 3063 4693 sit
3100 4639 3230 4705 lupis
3259 4634 3477 4690 Rome?
3509 4634 3698 4706 Petrus
3719 4646 3830 4697 apo-

1474 4686 1933 4792 Ινίίῗσᾚτέἒέᾶαὺαι
2009 4725 2149 4791 fama
2173 4686 2226 4746 D
2252 4686 2556 4792 sto—luscum
2581 4686 3514 4792 corpus—apostoli
3538 4703 3679 4792 Petri
3720 4686 3829 4767 q'uo-

2254 4779 2371 4831 dam
2389 4777 2502 4832 loco
2518 4780 2675 4849 jacet.
2695 4777 2945 4833 Memoria
2966 4789 3039 4835 est
3059 4781 3284 4834 excitans
3293 4792 3521 4849 amorem
3543 4777 3612 4849 ait
3635 4783 3829 4849 arteriis,

1598 4865 1736 4932 Quid
1774 4861 2056 4936 quarunt?
2093 4860 2154 4918 Si
2256 4859 2443 4936 ποκ’-ιιι
2481 4843 2630 4936 hirta!
2672 4849 2955 4936 iqhwrcals,‘
2983 4855 3072 4936 sed
3118 4860 3173 4904 ut
3217 4864 3334 4936 cunt
3368 4847 3624 4925 Apos‘o!o
3666 4843 3832 4895 celum

1403 4919 1639 5006 aliquid“
1661 4919 1895 5006 φιωιίέιηι
1925 4976 1941 5002 ν
1990 4935 2155 5006 minus
2257 4922 2469 5006 cogites.
2503 4919 2598 4973 Dic
2628 4920 2774 5003 mihi,
2807 4922 2852 4973 si
2881 4922 3052 5006 ﬁdelis
3091 4937 3164 5006 es,
3195 4919 3693 5006 recolamemprias-
3717 4927 3830 4994 apo-

1981 4985 2157 5057 ιάάίάέξ
2258 4985 2533 5062 stdlorum,
2549 4992 2849 5045 memoriam
2882 4985 3049 5046 etiam
3082 4985 3291 5045 Domini
3334 4986 3435 5062 Dei
3463 4985 3566 5062 tui',
3593 4985 3834 5062 τετράς-ι

2260 5060 2474 5135 sedentis
2517 5061 2569 5114 in
2609 5063 2752 5116 cwlo.
2787 5063 2923 5135 {Indi
2949 5079 3049 5135 quo
3088 5073 3136 5117 te
3159 5063 3324 5115 mittat
3347 5059 3652 5126 Apostolus.
3681 5054 3835 5135 Si

2267 5134 2579 5186 surrexistis
2615 5147 2733 5187 cum
2781 5125 3015 5200 Christ'o,
3047 5148 3166 5202 qua:
3212 5125 3426 5202 sursum
3474 5137 3604 5181 sunt
3655 5125 3834 5191 sapite.

2270 5203 2356 5256 ubi
2386 5203 2628 5258 Christus
2655 5214 2738 5257 est
2770 5205 2818 5255 in
2850 5201 3075 5259 dextera
3093 5204 3190 5258 Dei
3226 5201 3451 5264 sedens';
3484 5213 3608 5265 quae
3638 5203 3834 5248 sursum

2266 5282 2392 5327 δυηε
2432 5275 2673 5342 quaerite.
2717 5288 2820 5327 non
2872 5289 2990 5343 qua:
3036 5288 3198 5344 super
3225 5283 3446 5328 terram.
3480 5270 3675 5344 Mgrusi
3707 5268 3835 5341 enim

2263 5335 2494 5418 estis,et
2533 5335 2842 5418 visu—vestra
2887 5335 3196 5418 abscondita
3241 5352 3328 5418 est
3351 5355 3474 5396 cum
3527 5338 3752 5394 Christo
3793 5335 3835 5386 in

2267 5415 2394 5469 Deo.
2439 5416 2572 5470 Cum
2621 5411 2865 5469 Christus
2911 5416 3236 5484 apparuerit,
3281 5414 3387 5467 vita
3413 5413 3836 5484 y_estra,tut_tc-vt

2265 5501 2357 5540 vos
2381 5501 2502 5540 cum
2550 5487 2662 5554 ipso
2719 5476 3043 5554 apparebttis
3087 5488 3137 5540 in
3179 5476 3372 5556 gloria_
3401 5479 3538 5556 (Cal.
3577 5495 3631 5533 Ill
3657 5517 3675 5541 ς
3714 5476 3837 5556 I4)-

2272 5556 2388 5611 Uno
2410 5549 2685 5611 verbo-hoc
2713 5549 2864 5610 audis
2896 5573 2915 5611 .·
2943 5556 3163 5611 Sursum
3181 5549 3300 5608 'cor.
3337 5549 3491 5606 Doles
3524 5566 3649 5619 ergo
3677 5559 3725 5601 et
3747 5549 3837 5614 plo-

2266 5630 2516 5699 ras,.quia
2546 5638 2756 5682 ruerunt
2787 5629 2927 5699 ligna
2952 5636 3000 5680 et
3030 5626 3248 5696 lapides,
3276 5635 3326 5678 et
3349 5624 3475 5694 quia
3501 5621 3694 5699 mortui
3733 5622 3835 5669 sunt

2266 5691 2537 5769 morituri?
2562 5700 2642 5753 Da
2671 5699 2795 5752 mihi
2820 5691 3038 5769 aliquem
3070 5691 3324 5769 mortuum
3346 5691 3549 5761 semper
3572 5691 3832 5769 victurum.

2265 5768 2416 5824 Doles
2445 5773 2568 5841 quia
2593 5771 2879 5841 ceciderunt
2904 5757 3048 5841 ligna
3075 5777 3123 5823 et
3153 5768 3368 5834 lapides,
3395 5757 3466 5841 et:
3485 5765 3619 5841 quia
3660 5757 3833 5813 mortui

2261 5852 2378 5896 sunt
2399 5837 2676 5896 morituri?
2707 5840 2767 5895 Si
2793 5837 2996 5894 sursum
3021 5839 3173 5893 habes
3193 5855 3301 5905 cor,
3325 5837 3450 5909 quid
3477 5837 3550 5889 ibi
3573 5842 3831 5909 mortqu

2263 5914 2372 5968 est?
2402 5913 2539 5993 Quid
2563 5913 2632 5968 ibi
2660 5911 2875 5968 cecidit?
2900 5910 2962 5970 Si
2982 5925 3188 5966 sursum
3208 5901 3361 5965 habes
3391 5925 3498 5969 cor.
3525 5907 3615 5962 sibi
3641 5913 3715 5961 est
3735 5901 3829 5958 the-
