4018 6492
207 411 348 475 1ί85

1437 394 1812 454 LECTIONES
1851 389 2265 452 VARIANTES.

3309 385 3444 450 “86

195 530 378 568 saurus
415 520 554 578 tuus,
577 510 650 568 ibi
676 519 749 566 est
785 527 871 566 cor
901 519 1064 565 tuum.
1093 505 1347 564 Deorsum
1383 525 1503 564 caro
1531 519 1621 564 tua
1669 519 1764 578 est,
1794 510 1843 570 Λ
1872 524 2036 563 serens
2061 509 2369 563 voluntatem
2415 505 2609 578 domini
2640 505 2751 578 sui,
2793 507 2842 559 et
2886 521 2986 560 non
3023 505 3228 578 faciens
3263 508 3444 578 digno,

195 585 307 638 etsi
337 576 614 654 expavescit
641 601 762 639 caro
801 593 906 647 tua,
930 578 1035 654 non
1060 587 1318 654 moveatur
1348 591 1627 654 carinum.
1656 576 1762 634 Sed
1869 579 2038 651 plagis
2059 579 2315 654 vapulabit
2344 578 2537 654 multis.
2561 577 2633 654 Alit
2677 576 2874 630 utinam
2923 576 3097 654 multis
3147 576 3369 654 vapulet,
3399 587 3447 634 et

195 650 608 724 tamen,'iuquis,
641 656 891 724 nolebam.
935 652 1075 718 Quid
1122 650 1370 724 nolebas?
1415 650 1763 724 Nolebaniut
1867 650 1972 724 non
1987 651 2140 724 semei
2152 650 2442 724 damnetur.

198 724 365 780 Roma
395 719 538 778 tanla
558 719 833 792 pateretur.
870 721 1209 793 Ignoscimus,
1235 722 1357 791 quia
1383 719 1764 793 nolebas.‘Noli

193 805 250 849 tu
282 795 388 849 Deo
415 791 585 866 irasci,
613 798 734 866 quia
769 791 985 866 uolebai.
1016 792 1094 866 'I:u
1126 792 1282 866 homo
1302 808 1375 856 es,
1412 792 1589 866 etuille
1608 791 1762 846 Deus.

195 865 273 920 Tu
294 866 441 935 dicis,
467 861 729 929 Nolo,'ubi
755 865 844 920 ille
863 861 1206 935 dicit,_Volo?
1231 861 1352 914 Non
1376 872 1424 935 t_e
1452 863 1538 935 ille
1557 863 1765 935 damnat

195 945 401 1060 prqfter
428 931 585 990 'Nolo
617 946 802 1001 tuum;
833 943 880 988 et
927 945 980 1016 tu
1010 931 1328 1002 blasphemas
1385 931 1508 986 Volo
1561 933 1722 1013 ipsius
1742 933 1768 987 ?

192 1006 267 1062 Se
327 1023 484 1069 quare
508 1007 602 1064 hoc
650 1006 785 1061 Deus
830 1004 1025 1058 voluit?
1057 1003 1229 1069 Quare
1255 1002 1347 1055 hoc
1379 999 1516 1056 Deus
1562 1004 1768 1057 voluit?

192 1024 300 1062 δια
327 1024 484 1076 quare
508 1024 602 1064 Ιιοο
650 1024 785 1061 υθιιδ
830 1024 1024 1058 vatuu.’
1057 1024 1229 1069 Quare
1255 1024 1347 1055 ηοε
1379 1024 1516 1056 usus
1562 1024 1718 1057 ιὀιιιη
1743 1024 1764 1057 .'

192 1075 409 1132 Interim
434 1079 562 1132 servi
590 1078 836 1132 uoluntati
865 1074 1072 1128 Domini
1102 1072 1196 1126 Dei
1224 1073 1322 1138 tui;
1351 1074 1544 1127 amicus
1574 1075 1764 1144 factus,

191 1148 316 1203 scies
345 1147 613 1203 consilium
647 1146 852 1201 Domini
888 1143 984 1199 Dei
1015 1144 1112 1197 tui.
1147 1144 1272 1208 Quis
1299 1155 1403 1196 tam
1432 1146 1675 1207 superbus
1702 1149 1768 1198 sit

190 1234 396 1284 servus,
425 1219 508 1272 cui
540 1217 787 1272 Dominus
819 1232 935 1270 cum
959 1215 1154 1284 aliquid
1179 1213 1384 1284 jusserit
1414 1223 1466 1267 ut
1496 1215 1605 1282 ﬁat,
1626 1216 1769 1284 dicat

191 1289 300 1354 ille,
328 1283 534 1355 Quare?
551 1287 803 1346 Dominus
829 1285 970 1354 apud
991 1283 1060 1355 se
1101 1283 1258 1355 habet
1283 1284 1572 1337 consilium.
1612 1283 1770 1340 Paret

190 1354 510 1427 obsequium;
530 1359 574 1412 si
599 1359 890 1429 profecerit,
909 1357 952 1429 si
971 1354 1102 1429 bene
1127 1354 1302 1429 egerit,
1323 1355 1368 1408 si
1391 1358 1454 1408 de
1476 1371 1618 1429 servo
1643 1358 1771 1410 ami-

193 1445 284 1483 cus
309 1424 472 1498 factus
505 1424 677 1494 fuerit,
697 1424 837 1484 sicut
871 1427 1002 1498 dixit
1030 1424 1428 1498 ipse’Dominus
1460 1440 1479 1478 :
1518 1425 1639 1498 Iam
1675 1441 1771 1482 vos

193 1494 496 1556 non'dicam
518 1515 721 1566 servos,
739 1497 832 1556 sed
853 1494 1059 1552 amicos
1083 1494 1139 1567 (I_
1165 1494 1320 1548 Joan.
1353 1511 1444 1558 xv,
1475 1496 1587 1567 15),
1637 1500 1772 1565 forte

191 1579 238 1624 et
266 1570 534 1625 consilium
564 1564 767 1624 Domini
798 1571 878 1622 sui
899 1564 1325 1638 discet.'lnterim
1351 1564 1620 1638 antequam
1641 1564 1772 1622 sciat

191 1643 482 1705 consilium,
517 1642 736 1704 libenter,
757 1641 885 1710 ferat
905 1637 1194 1710 arbitrium.
1231 1636 1454 1691 Prorsus
1477 1636 1648 1710 adhuc
1678 1656 1771 1707 pa-

191 1712 418 1766 tientiam
455 1712 628 1778 doceo,
656 1709 881 1766 nondum
902 1709 1430 1776 sapientiam;patiens
1452 1719 1574 1764 esto.
1595 1709 1773 1774 Domi-

191 1798 298 1855 nus
305 1783 430 1836 vult.
450 1777 646 1855 Quteris
657 1781 973 1855 quarepelit?
999 1777 1432 1855 Di/ferostudium
1444 1781 1767 1855 cognitionis,

191 1852 379 1918 differo
404 1851 773 1908 strenuitatem.
801 1851 1018 1907 Obedire
1045 1867 1200 1921 para;
1231 1853 1363 1921 ferre
1400 1858 1446 1906 te
1471 1852 1604 1921 vult,
1632 1853 1770 1923 quod

191 1923 298 1977 vult
317 1939 335 1986 ;
377 1924 504 1992 ferto

266 1994 399 2050 Ibid.
434 1995 495 2050 Si
537 2002 608 2048 est
636 1995 688 2048 in
713 1996 849 2049 vobis
877 1993 949 2048 lc-

191 2065 271 2119 nis
301 2075 345 2120 et
371 2066 507 2119 mitis
539 2065 802 2132 patientia.

267 2135 398 2191 Ibid.
425 2134 745 2190 Dominicam
770 2134 949 2190 roiun-

191 2214 372 2278 tatem.
409 2205 567 2262 Lenia
613 2206 794 2278 quippe
847 2222 948 2261 non

191 2275 424 2347 ferimus.

263 2348 393 2404 Ibid“.
421 2350 610 2418 Aspera
650 2346 943 2415 ioleramus,

173 2417 264 2473 ‘ad
284 2421 421 2474 lenia
440 2417 735 2486 gaudemus.

266 2489 396 2545 Ibid.
420 2477 488 2544 Et
539 2492 779 2544 continuo
825 2507 949 2545 con-

191 2562 336 2615 vertit
361 2562 587 2617 renisum
619 2561 686 2616 ad
707 2561 946 2616 obedien-

191 2631 337 2685 tiam.

266 2701 397 2756 Ibid.
429 2702 519 2759 Sic
543 2711 592 2757 et
639 2711 692 2757 tu
743 2703 946 2759 nolebas

191 2772 324 2844 forte
391 2775 619 2828 amittere
691 2776 946 2844 peculium

191 2853 356 2912 tuum,
380 2846 514 2914 quod
549 2845 631 2897 hic
683 2847 948 2900 relicturus

192 2928 307 2968 eras
337 2931 356 2969 .°
383 2916 584 2969 attende
629 2931 688 2969 ne
734 2932 949 2970 cumre-

193 2982 467 3054 linquenda
493 3002 776 3040 remaneas.

263 3055 327 3112 N.
357 3057 409 3111 7.
440 3055 611 3112 Roma
641 3057 824 3126 afflicta
851 3065 946 3111 est.

265 3198 398 3255 Ibid.
459 3199 583 3268 Quis
645 3197 740 3252 hoc
788 3197 948 3252 dicit?

193 3267 540 3325 Christianus.

267 3340 402 3396 Ibid.
487 3339 707 3406 Quando
797 3340 951 3394 uoluit

197 3408 360 3466 Deus.

273 3480 403 3535 Ibid.
437 3480 504 3536 Ut
526 3480 618 3535 illo
662 3496 952 3548 careamus;

192 3558 435 3608 ueterum
457 3553 546 3606 tibi
569 3551 674 3606 alia
694 3552 953 3607 meditatio

192 3633 290 3678 est.

267 3690 415 3747 N.‘8.
441 3691 569 3748 Cum
593 3691 644 3746 in
667 3693 954 3748 tentationi-

195 3765 290 3818 bus
323 3763 491 3818 uariis'
523 3762 824 3818 incideritis.
855 3763 950 3816 Di-

193 3837 269 3889 cis
299 3834 487 3904 ita‘que,
519 3849 548 3886 o
596 3851 794 3904 pagane
823 3850 842 3888 :
871 3834 956 3889 Dii

193 3905 438 3976 praesides
453 3903 676 3959 Romam
686 3906 832 3958 modo
853 3921 956 3959 non

193 3984 518 4030 servaverunt
534 4016 550 4042 ,
626 3979 747 4043 quia
854 3993 955 4030 non

195 4055 346 4112 sunt;
423 4055 540 4100 tunc
604 4056 950 4115 servaverunt,

194 4118 402 4188 quando
429 4125 594 4188 erant.

269 4187 413 4257 Ibid.
435 4187 558 4241 Non.
594 4187 810 4243 audistis
836 4205 954 4258 pro-

195 4257 390 4329 phetas,
439 4275 542 4314 non
596 4257 954 4331 audistis’ip-

194 4344 328 4396 sum,
361 4337 466 4386 etc.

271 4399 402 4453 Ibid.
497 4397 644 4454 Mala
740 4401 954 4468 futura?

200 4467 457 4534 Quantum
474 4469 666 4524 accedit
675 4479 798 4524 tetas
816 4486 958 4524 mun-

196 4540 282 4622 do,
334 4550 532 4596 tantum
589 4541 958 4612 propinquatur

196 4619 315 4679 ﬁni.

268 4683 310 4736 Ν
324 4725 338 4739 .
363 4685 416 4739 9.
443 4683 578 4738 Audi
604 4699 760 4753 quare
804 4683 954 4737 modo

197 4754 314 4823 plus
342 4764 586 4810 vastatur.

273 4825 404 4882 Ibid.
441 4823 656 4880 Oculum
676 4823 743 4878 ad
773 4840 886 4882 nos.

273 4967 406 5023 Ibid.
457 4965 792 5037 Evangelium
830 4981 960 5034 prte-
995 5007 998 5011 .

204 5038 403 5092 dicatur
424 5046 528 5092 toto
549 5038 764 5100 mundo;
787 5053 958 5090 verum

205 5117 295 5161 est.
323 5111 626 5175 Antequam,
655 5116 759 5162 etc.

274 5179 404 5233 Ibid.
454 5178 728 5244 Vapulabit
769 5191 955 5243 pauca.

272 5249 404 5304 Ibid.
457 5248 587 5303 Ecce
659 5248 784 5315 quid
857 5257 963 5300 erat

205 5328 323 5374 ante
367 5321 604 5373 mundus.
655 5317 807 5372 Nunc
850 5333 965 5372 vero

205 5390 367 5458 quid?
393 5389 581 5444 Servus
609 5399 776 5442 autem
800 5389 962 5443 sciens

206 5463 519 5514 uoluntatem
556 5459 748 5513 domini
785 5460 887 5524 sui,
915 5469 962 5513 et

210 5531 399 5601 faciens
443 5532 600 5601 digna
655 5531 845 5601 plagis,
876 5546 961 5582 ra-

207 5600 399 5668 pulabit
427 5600 608 5654 multa.
654 5600 720 5652 Et
763 5601 956 5655 utinam

207 5670 364 5740 multa
407 5675 637 5740 vapulet,
677 5687 776 5725 non
805 5673 957 5727 semel

207 5739 490 5795 damnetur.
515 5741 648 5807 Quid
661 5757 864 5796 recusas
880 5759 960 5796 va-

205 5810 383 5878 pulare
403 5813 583 5881 multa,
616 5821 719 5867 etc.

539 1925 676 1993 quod
710 1924 836 1988 vult,
876 1929 981 1977 etc.

1093 1991 1168 2046 Id.
1192 1991 1254 2048 Si
1299 1991 1497 2046 habitat
1534 1995 1588 2047 in
1637 1995 1774 2052 vobis

1020 2063 1145 2134 lenis
1173 2073 1220 2117 et
1230 2063 1375 2134 initis
1399 2065 1663 2134 patientia.

1090 2132 1168 2195 Id.
1218 2132 1540 2188 Dominicam
1594 2139 1772 2192 uolun-

1021 2212 1194 2257 tatem.
1228 2203 1350 2258 Non
1377 2205 1541 2260 solum
1578 2208 1773 2273 lenem;

1020 2276 1180 2328 lenem
1202 2275 1388 2344 quippe
1417 2293 1516 2329 non
1540 2278 1770 2345 ferimus.

1094 2345 1172 2418 Id.
1197 2346 1436 2416 Asperam
1477 2349 1770 2418 toleramus,

1020 2417 1276 2488 adfirmem
1297 2419 1592 2488 gaudemus.

1093 2487 1167 2540 Id.
1197 2486 1262 2540 Et
1292 2486 1532 2543 convertit
1569 2505 1773 2546 sensum

1019 2558 1085 2612 ad
1111 2558 1469 2616 obedientiam.

1087 2698 1164 2755 Id.
1198 2700 1288 2757 Sic
1325 2710 1370 2755 et
1421 2711 1475 2755 tu
1533 2701 1774 2771 nolebas;

1016 2772 1178 2835 quid?
1206 2777 1336 2841 forte
1363 2773 1592 2828 amittere
1625 2790 1777 2840 pecu-

1019 2842 1145 2896 lium
1173 2851 1334 2912 tuum,
1381 2844 1520 2914 quod
1570 2845 1776 2899 relictu-

1019 2929 1108 2966 rus
1138 2930 1250 2968 eras
1280 2931 1299 2968 :
1323 2914 1522 2968 attende
1570 2931 1634 2969 ne
1659 2931 1775 2970 eum

1021 2983 1348 3053 relinqcndo
1370 3000 1654 3038 remaneas.

1095 3053 1168 3125 Id.
1203 3055 1365 3109 Roma
1394 3055 1630 3125 afﬂigitur
1649 3097 1665 3122 ,
1689 3064 1777 3110 aut

1021 3123 1205 3194 afflicta
1228 3135 1320 3180 est.

1095 3194 1171 3252 Id.
1244 3196 1370 3259 Quis
1449 3195 1542 3248 hoc
1607 3193 1777 3250 dicis?

1024 3263 1364 3320 Christianus.

1097 3336 1171 3390 Id.
1216 3336 1351 3404 Quia
1394 3335 1553 3390 uoluit
1611 3333 1772 3391 Deus.

1098 3478 1172 3534 Id.
1209 3476 1276 3533 Ut
1295 3477 1387 3532 illo
1435 3492 1638 3542 careas;
1673 3493 1775 3531 cte-

1028 3561 1190 3605 tcrum
1227 3550 1317 3603 tibi
1369 3547 1474 3603 alia
1515 3549 1778 3602 meditatio

1026 3623 1110 3676 sit.

1097 3691 1174 3746 Id.
1207 3689 1335 3744 Cum
1372 3690 1426 3743 in
1477 3689 1779 3744 tentationes

1027 3763 1192 3816 varias
1221 3761 1525 3814 incideritis.
1562 3759 1780 3824 Quando

1029 3833 1118 3887 tibi
1145 3833 1268 3885 talia
1289 3833 1340 3886 in
1365 3832 1552 3899 templo
1574 3832 1781 3884 recitata

1026 3912 1160 3967 sunt,
1196 3901 1281 3955 Dii
1335 3901 1576 3972 prtesules
1603 3901 1782 3955 Iionue

1027 3990 1127 4028 non
1153 3981 1504 4040 servaverunt,
1533 3973 1655 4040 quia
1680 3988 1782 4025 non

1025 4053 1182 4109 sunt,
1229 4043 1455 4108 diceres,
1513 4051 1632 4096 tunc
1679 4058 1783 4098 ser-

937 4159 958 4184 ,
1026 4125 1260 4168 voverunt
1281 4114 1482 4179 quando
1502 4122 1666 4167 erant.

1098 4186 1174 4240 Id.
1191 4185 1312 4239 Non
1333 4185 1546 4238 audistis
1565 4183 1783 4253 prophe-

1025 4265 1122 4320 tas,
1148 4256 1482 4326 nonaudistis
1502 4255 1780 4326 apostolos,

1026 4343 1127 4381 non
1153 4325 1370 4382 audistis
1392 4325 1580 4396 ipsum,
1604 4335 1709 4380 etc.

1098 4398 1176 4453 Id.
1202 4397 1346 4451 Mala
1359 4395 1551 4466 futura,
1580 4395 1782 4464 quando

1027 4469 1225 4522 accedet
1245 4479 1366 4523 tetas
1388 4468 1596 4531 mundo,
1620 4483 1781 4537 quan-

1029 4541 1095 4594 do
1125 4539 1478 4608 propinquabit
1502 4538 1640 4607 ﬁnis.

1101 4678 1176 4734 Id.
1207 4679 1292 4733 Ait
1313 4696 1470 4750 quare
1495 4679 1645 4732 modo
1667 4679 1782 4748 plus

1027 4759 1273 4806 vastatur.

1103 4821 1176 4875 Id.
1205 4821 1421 4876 Oculum
1447 4820 1515 4873 ad
1537 4836 1624 4875 nas
1654 4837 1782 4875 con-

1031 4903 1303 4946 vertamus.

1104 4963 1178 5017 Id.
1217 4961 1552 5034 Evangelium
1595 4963 1785 5034 prtedi-

1029 5043 1205 5097 catur;
1249 5043 1379 5087 totus
1427 5033 1644 5086 mundus
1675 5033 1784 5100 ple-

1030 5121 1127 5158 nus
1154 5115 1246 5160 est.
1280 5107 1582 5170 Antequam,
1613 5111 1717 5158 etc.

1102 5174 1178 5230 Id.
1219 5174 1488 5243 Vapulabit
1515 5176 1712 5241 paucis.

1106 5247 1184 5301 Id.
1221 5245 1349 5300 Ecce
1386 5244 1512 5313 quid
1537 5254 1644 5298 erat
1672 5252 1790 5299 ante

1036 5319 1276 5372 mundus.
1331 5315 1519 5370 Seruus
1567 5317 1792 5369 nesciens

1035 5389 1345 5443 voluntatem
1397 5387 1587 5440 domini
1621 5385 1724 5450 sui,
1746 5395 1795 5440 et

1035 5476 1136 5513 non
1167 5461 1354 5527 faciens
1402 5457 1558 5525 digna
1607 5457 1792 5527 plagis,

1036 5526 1299 5600 vapulabit
1354 5527 1557 5600 paucis.
1605 5526 1796 5582 Seruus

1031 5598 1203 5654 autem
1254 5601 1414 5654 sciens
1480 5598 1791 5657 voluntatem

1031 5673 1229 5726 domini
1248 5672 1360 5733 sui;
1379 5683 1494 5723 ecce
1525 5669 1688 5734 qualis
1718 5676 1792 5720 est

1030 5745 1180 5798 modo
1212 5741 1453 5796 mundus.
1479 5737 1601 5792 1am
1654 5738 1791 5808 quod

1031 5815 1260 5881 sequitur
1306 5811 1444 5866 vobis
1477 5811 1658 5881 dicite,
1688 5811 1792 5862 imo

1035 5879 1178 5941 nobis
1250 5885 1477 5940 dicamus
1526 5895 1545 5934 :
1604 5879 1792 5936 Servus

1799 1880 1848 1942 B

1804 3261 1851 3326 C

1813 4644 1862 4706 Ι)

2471 648 2608 715 Quid
2630 661 2831 701 recusas
2851 648 3098 716 vapulare
3117 649 3310 714 multis,
3333 659 3440 706 etc.

2767 719 2844 773 Id.
2875 716 3188 773 Thesaurum
3225 719 3275 773 in
3297 719 3444 788 calo,

2694 788 2776 844 ubi
2849 805 3004 858 neque
3068 790 3237 858 tinea,
3287 805 3447 861 neque

2692 875 2887 930 a’rugo,
2917 869 3021 942 etc.
3398 931 3411 943 .

2763 929 2843 1012 I_d.
2877 929 2954 1012 Tu
2982 946 3036 984 tn
3075 939 3228 1000 terra,
3256 929 3346 986 ille
3391 947 3446 986 in

2693 1001 2836 1068 caelo,
2859 1001 3056 1055 dicens.

2764 1142 2840 1198 Id.
2883 1143 3017 1210 Quid
3065 1144 3270 1199 seruas?
3302 1141 3450 1209 Quod

2693 1213 2912 1268 custodit
2985 1211 3240 1282 Christus,
3300 1230 3449 1267 nume

2691 1284 2817 1356 quid
2845 1285 2980 1356 tollit
3001 1283 3237 1338 Gothus?

2754 1354 2828 1408 Id.
2855 1353 2922 1408 Et
2935 1355 3210 1424 sapientior
3232 1353 3452 1409 Domino

2696 1430 2802 1490 tuo,
2824 1441 2935 1506 .non
2967 1427 3063 1508 nisi
3111 1428 3164 1481 in
3191 1437 3323 1480 terra
3345 1424 3453 1479 the-

2695 1509 2954 1549 saurtsare
2983 1511 3080 1551 ινιε.

2768 1565 2845 1620 Id.
2877 1565 3093 1622 Sursum
3133 1575 3181 1620 te
3237 1567 3456 1622 condere

2697 1635 2855 1690 voluit
2895 1636 3002 1691 ille.
3039 1635 3174 1707 Ergo
3216 1638 3270 1690 in
3321 1647 3457 1692 terra

2699 1707 2950 1773 condens,
2978 1718 3191 1778 paratus
3219 1717 3326 1760 esto
3368 1725 3458 1761 ra-

2699 1779 3102 1848 pulareimultis.

1936 719 2068 774 Ibid.
2100 718 2385 773 Thesauros
2406 720 2619 786 incwlo,

1865 789 1953 845 ubi
1977 805 2133 861 neque
2151 805 2343 861 aerugo,
2373 799 2477 845 etc.

1937 931 2068 986 Ibid.
2092 931 2168 985 Tu
2184 933 2236 986 in
2258 939 2396 986 terra
2421 933 2621 986 thesau-

1865 1001 2032 1065 rizas,
2063 1002 2152 1056 ille
2189 1004 2243 1057 in
2291 1003 2416 1058 ctelo
2452 1002 2621 1072 jubet,

1867 1072 2059 1127 dicens.

1939 1142 2070 1197 Ibid.
2124 1142 2262 1209 Quid
2319 1158 2489 1197 servas
2568 1144 2620 1196 in

1869 1215 2039 1267 terra?
2062 1212 2212 1280 Quod
2233 1214 2446 1267 custodit
2473 1211 2622 1267 Chri-

1869 1292 1998 1348 stus,
2026 1299 2128 1342 nou
2154 1282 2283 1336 tollit
2315 1281 2533 1336 Gothus.

1943 1353 2071 1408 Ibid.
2103 1351 2170 1406 Et
2206 1354 2483 1422 sapientior
2513 1352 2619 1406 Do-

1869 1425 2007 1478 mino
2035 1434 2140 1491 tuo,
2175 1423 2349 1478 condis
2389 1423 2442 1477 in
2465 1433 2619 1478 terra.

1941 1564 2072 1619 Ibid.
2131 1565 2349 1620 Sursum
2409 1564 2626 1618 condere

1870 1636 2048 1689 voluit.
2081 1635 2150 1689 Et
2173 1644 2248 1699 tu,
2283 1635 2392 1704 Ego
2413 1635 2464 1687 in
2491 1645 2625 1688 terra

1871 1706 2055 1760 condo.
2112 1705 2334 1759 Paratus
2373 1721 2493 1776 ergo
2523 1714 2626 1760 esto

1872 1778 2115 1844 uapulare
2143 1780 2322 1832 multa.

1949 1847 2076 1918 Ibid.
2111 1847 2248 1903 Dicis
2275 1845 2408 1917 quod
2429 1847 2518 1902 tibi
2548 1847 2625 1918 fa-

1873 1918 1939 1972 cit
1967 1916 2236 1974 Dominus.

1947 1989 2011 2044 N.
2042 1990 2130 2044 IO.
2173 1989 2239 2044 Ut
2283 1999 2336 2044 tu
2363 1991 2514 2060 ﬂuas,
2545 1991 2632 2045 ille

1873 2061 2168 2116 mentiatur.

1950 2131 2082 2186 Ibid.
2127 2131 2493 2198 lniquitatibus
2535 2148 2628 2185 no-

1875 2203 2015 2264 stris,
2037 2204 2285 2256 murmuri
2307 2213 2498 2258 nostro.

1949 2272 2080 2328 Ibid.
2144 2272 2460 2328 Ptenitentia:
2501 2274 2634 2327 iram

1875 2352 2072 2399 exercet
2100 2361 2151 2397 tn
2180 2361 2250 2398 se.

1952 2414 2083 2469 Ibid.
2111 2415 2245 2479 Quia
2257 2415 2300 2468 si
2325 2422 2378 2468 tu
2404 2413 2492 2468 tibi
2502 2429 2623 2484 par-

1876 2484 1969 2552 cis,
2006 2486 2092 2539 ille
2139 2486 2226 2538 tibi
2271 2501 2373 2538 non
2423 2493 2627 2551 parcet;

1875 2557 1998 2638 quia
2022 2557 2066 2609 si
2105 2565 2152 2610 et
2178 2555 2265 2610 ille
2291 2555 2381 2610 tibi
2406 2565 2583 2626 parcat
2608 2593 2626 2621 ,

1875 2642 2030 2696 peris.

1950 2696 2082 2753 Ibid.
2118 2696 2267 2755 Sicut
2304 2697 2436 2753 enim

1879 2777 2023 2836 ptum
2040 2777 2132 2822 est.

1951 2839 2080 2894 Ibid.
2123 2836 2260 2892 Vidit
2295 2839 2493 2910 felicem
2517 2854 2634 2910 pec-

1877 2919 2121 2974 catorem,
2150 2908 2374 2978 quotidie
2393 2908 2529 2963 mala
2551 2909 2629 2978 fa-

1877 2981 2112 3047 cientem,
2140 2990 2186 3035 et
2225 2980 2356 3035 nihil
2384 2982 2506 3034 mali
2541 2996 2634 3048 pa-

1879 3051 2114 3117 tientem,
2177 3061 2224 3105 et
2303 3053 2353 3105 in
2435 3050 2636 3118 Spiritu

1880 3124 2056 3191 sancto
2103 3123 2180 3191 (in
2233 3121 2471 3187 margine
2522 3119 2638 3189 suo)

1882 3189 2120 3255 horruit,
2163 3201 2210 3244 et
2267 3192 2452 3258 doluit,
2483 3199 2528 3245 el
2557 3191 2639 3243 di-

1880 3261 1977 3314 xit.
2005 3259 2234 3314 lrritavit
2249 3300 2264 3324 ,
2297 3269 2400 3314 etc.

1956 3329 2088 3385 Ibid.
2155 3330 2406 3386 Provocat
2455 3327 2635 3383 Domi-

2501 2697 2629 2751 seri-

1880 3416 2048 3483 num;
2116 3417 2206 3469 pro
2289 3401 2640 3484 magnitudine

1879 3471 1972 3526 ira:
1990 3487 2099 3526 suw
2119 3488 2220 3554 non
2246 3469 2483 3543 requiret.
2512 3469 2639 3525 Ideo

1881 3557 1985 3597 non
2013 3553 2264 3613 exquiret,
2306 3553 2410 3598 etc.

2769 1848 2844 1922 Id.
2874 1847 3014 1922 Dicis
3044 1849 3162 1920 quia
3212 1850 3346 1918 quod
3375 1853 3459 1922 fa-

2705 1919 2772 1972 cit
2798 1919 3065 1974 Dominus.

2779 1988 2850 2046 Id.
2885 1989 2953 2043 Ut
2994 1997 3050 2044 tu
3107 1991 3327 2060 deﬂuus,
3371 1989 3459 2045 ille

2700 2073 2818 2115 vero
2846 2062 3139 2116 mentiatur.

2773 2131 2852 2185 Id.
2880 2129 3244 2202 lniquitatibus
3273 2131 3459 2187 nostris

2700 2209 2746 2254 et
2777 2203 3026 2256 murnturi
3053 2213 3245 2258 nostro.

2777 2272 2855 2327 Id.
2885 2271 3141 2328 Poenitens
3162 2275 3294 2328 iram
3315 2288 3460 2328 exer-

2705 2351 2781 2398 cet
2802 2345 2856 2396 in
2879 2360 2953 2398 se.

2769 2414 2848 2469 Id.
2886 2415 3023 2481 Quia
3061 2416 3106 2468 si
3134 2423 3189 2468 tu
3216 2415 3305 2468 tibi
3339 2429 3460 2481 par-

2701 2485 2796 2568 cis,
2821 2494 2876 2540 ut
2905 2486 2993 2540 ille
3013 2485 3101 2539 tibi
3141 2495 3339 2556 parcat,
3370 2500 3460 2556 pe-

2699 2571 2792 2613 ηε.

2777 2693 2852 2751 Id.
2896 2697 2984 2752 Sic
3023 2698 3157 2753 enim
3206 2665 3468 2767 scriptum

2703 2776 2853 2893 alid.
2896 2837 3009 2896 Vidi
3047 2840 3458 2911 felicempecca-

2711 2918 2889 2975 torem,
2923 2911 3025 2964 uidi
3048 2908 3298 2980 quotidie
3325 2908 3465 2963 mala

2709 2980 3009 3052 facientem,
3069 2991 3116 3034 et
3163 2983 3215 3035 in
3262 2980 3465 3048 Spiritu

2709 3059 2882 3106 sancto
2999 3053 3464 3116 blasphemantem;

2713 3122 2918 3205 horrui,
3031 3119 3191 3178 dolui.
3279 3119 3465 3177 Irrita-
3533 3162 3551 3169 μ

2713 3201 2803 3259 uit,
2830 3201 2936 3248 etc.

2780 3330 2857 3386 Id.
2929 3329 3231 3387 Provocavit
3289 3331 3466 3385 Domi-

2709 3417 2877 3474 num;
2955 3417 3048 3469 pro
3113 3403 3467 3474 magnitud_in¢

2709 3472 2799 3525 ira:
2823 3488 2931 3526 suae
2951 3488 3051 3527 non
3077 3471 3316 3542 exquiret.
3353 3471 3467 3526 Hoc

2709 3543 2932 3609 sequitur
2967 3559 2985 3596 :
3021 3544 3241 3598 irritavit
3285 3542 3468 3597 Domi-

2711 3628 2834 3684 num
2881 3625 3157 3684 peccator;
3208 3630 3300 3682 pro
3352 3629 3468 3667 ma-

1882 3684 2151 3756 gnitudine
2169 3685 2260 3740 ira:
2281 3701 2387 3740 sua:
2406 3699 2508 3756 non
2526 3684 2777 3752 exquiret.
2792 3682 3057 3756 fideonon
3079 3687 3327 3754 exquiret,
3355 3694 3460 3740 etc.

1955 3755 2084 3812 Ibid.
2103 3755 2242 3811 Nam
2264 3756 2309 3810 si
2337 3755 2638 3826 exquireret,

1881 3826 2169 3898 ﬂagellaret
2189 3845 2206 3890 ;
2294 3835 2343 3880 et
2425 3827 2642 3896 fortasse

1883 3898 2193 3953 emendaret.

1955 3967 2018 4021 Ν.
2053 3969 2141 4023 II.
2185 3967 2322 4037 Quid
2367 3967 2641 4037 prtestabal

1887 4037 2111 4094 Petrus?

1957 4109 2018 4164 Ν.
2080 4108 2167 4165 12.
2217 4109 2344 4164 Dico
2403 4109 2643 4164 charitati

1885 4190 2082 4248 vestra’,
2133 4189 2265 4234 torta
2310 4190 2458 4244 sunt,
2509 4187 2644 4234 torta

1884 4260 2002 4305 sunt
2031 4267 2092 4306 ex
2118 4252 2209 4306 hoc
2233 4253 2421 4306 viscera
2447 4258 2642 4305 nostra.

1886 4319 2138 4376 Fatemur
2182 4323 2340 4389 vobis,
2369 4339 2470 4376 non
2500 4321 2641 4376 nobis

1887 4393 2050 4461 placet
2072 4395 2189 4447 talis
2209 4393 2492 4464 diligentia.
2521 4392 2643 4446 Scio

1923 4463 2008 4514 uia
2034 4465 2142 4517 zelo
2201 4463 2319 4516 Dei
2341 4466 2568 4531 fecerunt
2594 4471 2643 4516 et

1939 4534 2150 4589 cclesiw.
2183 4532 2385 4589 Putatis
2420 4535 2540 4604 quia
2564 4534 2646 4587 ni-

1889 4605 1963 4657 hil
1991 4608 2183 4674 factum
2205 4616 2300 4670 est,
2318 4606 2438 4673 quia
2461 4604 2556 4659 hoc
2581 4604 2648 4658 ad

1889 4691 2061 4746 omnes
2115 4677 2324 4730 sonuit?
2349 4677 2494 4746 Rogo
2537 4692 2646 4740 uos,

1891 4745 2040 4799 hodie
2066 4747 2289 4800 souuerit
2321 4761 2416 4799 vox
2436 4745 2558 4810 ista,
2590 4755 2643 4799 ut

1892 4815 2024 4868 illud
2076 4817 2212 4885 quod
2269 4817 2401 4870 male
2452 4815 2642 4882 sonuit,

1893 4887 2071 4940 obruat
2125 4902 2184 4940 ea
2232 4903 2312 4941 res
2363 4901 2475 4954 qua:
2525 4889 2650 4940 bene

1889 4957 2076 5010 sonuit.
2109 4955 2263 5009 Hanc
2278 4973 2482 5024 operam
2507 4957 2642 5023 date,

1889 5027 1983 5080 hoc
2039 5037 2210 5092 sonet,
2247 5029 2342 5080 hoc
2398 5029 2644 5094 praedice—

1891 5113 2026 5167 mus,
2097 5098 2192 5151 hoc
2278 5098 2640 5167 praedicamus.

1898 5166 2135 5235 Veniant,
2153 5166 2513 5237 admittuntur,
2538 5178 2640 5224 etc.

2787 3755 2862 3811 Id.
2898 3755 3037 3809 Nam
3072 3757 3116 3809 si
3161 3757 3464 3826 exquireret,

2712 3827 2996 3897 flagellaret
3028 3843 3046 3881 :
3076 3827 3120 3880 si
3157 3828 3464 3899 flagellaret,

2712 3899 3018 3951 emendaret.

2783 3967 2861 4022 Id.
2907 3967 3057 4034 Quod
3108 3967 3376 4038 prwstabat
3419 3975 3468 4023 et

2718 4035 2920 4092 Petrus.

2791 4109 2863 4165 Id.
2901 4107 3027 4164 Dico
3080 4108 3317 4162 charitati
3383 4123 3468 4163 ve-

2714 4190 2852 4243 strae,
2877 4189 3009 4234 torta
3037 4190 3152 4234 sunt
3172 4195 3234 4234 ex
3279 4180 3373 4232 hoc
3391 4179 3466 4234 vi-

2716 4267 2856 4306 scera
2884 4261 3078 4306 nostra.
3109 4249 3355 4304 Fatemur
3378 4266 3466 4304 vo-

2716 4319 2817 4385 bis,‘
2844 4338 2941 4376 non
2967 4322 3109 4377 nobis
3136 4321 3324 4392 placuit
3348 4320 3468 4376 talis

2716 4394 3000 4463 diligentia.
3040 4392 3160 4454 Scio
3189 4393 3308 4460 quia
3359 4392 3468 4447 zelo

2721 4461 2828 4517 Dei
2865 4461 3130 4533 fecerunt;
3188 4464 3312 4533 scio.
3366 4479 3470 4516 non

2719 4532 2914 4604 dubito,
2943 4536 3062 4606 quia
3115 4536 3222 4606 zelo
3258 4532 3373 4606 Dei
3397 4535 3470 4603 fe-

2718 4615 2915 4669 cerunt,
2947 4605 3035 4660 sed
3067 4613 3112 4659 et
3136 4605 3265 4659 illud
3295 4605 3470 4658 debent

2719 4678 2974 4730 attendere
3021 4675 3242 4744 apostoli
3286 4672 3469 4744 Pauli,

2715 4746 2970 4814 quomodo
2987 4742 3181 4814 plangit
3210 4759 3293 4797 eos
3317 4742 3470 4798 etiam

2717 4817 2802 4885 qui
2827 4816 2990 4870 zelum
3019 4816 3114 4868 Dei
3140 4815 3348 4885 habent,
3379 4815 3470 4868 sed

2717 4884 2818 4940 non
2875 4887 3150 4940 secundum
3205 4884 3465 4938 scientiam

2719 4956 2897 5027 (Rom.
2956 4973 3008 5028 χ,
3056 4955 3136 5028 2).
3188 4953 3316 5028 Ecce
3364 4972 3467 5011 non

2717 5026 2788 5082 est
2826 5026 3101 5081 admissus
3128 5026 3306 5090 hodie;
3355 5043 3470 5082 cras

2715 5097 2977 5152 morietur.
3008 5096 3081 5151 De
3122 5098 3280 5168 cujus
3301 5097 3468 5151 mani-

2716 5171 2809 5223 bus
2832 5168 3086 5238 exigitur?
3108 5167 3349 5222 Dicturus
3369 5183 3422 5224 es
3449 5184 3471 5226 :

2718 5240 2824 5295 Sed
2876 5311 2883 5312 ί
2903 5239 3070 5312 fingit.
3122 5238 3433 5312 Respondeo
3449 5255 3472 5296 :

1895 5308 2002 5365 Sed
2022 5311 2163 5381 petit.
2193 5308 2302 5380 Ego
2345 5311 2557 5364 ostendo
2602 5313 2736 5381 quod
2783 5311 2943 5380 petit;
2979 5308 3048 5364 'tu
3092 5308 3296 5381 ostende
3349 5311 3470 5379 quia

1895 5378 2062 5450 ﬁngit.
2087 5378 2394 5446 Christiane,
2444 5385 2550 5449 iam
2575 5378 2688 5438 volo
2731 5378 2911 5437 doceas
2958 5389 3007 5435 et
3057 5396 3156 5434 me.
3179 5378 3329 5436 Unde
3363 5378 3470 5436 scis

1897 5453 2016 5521 quia
2045 5452 2230 5523 ﬁngit?
2259 5452 2392 5517 Quia
2414 5453 2560 5506 rebus
2581 5457 2687 5510 suis
2715 5456 2872 5507 timet.
2903 5450 3153 5523 Nouimus
3183 5450 3374 5505 multos
3401 5453 3466 5505 ti-

1899 5523 2088 5576 muisse
2113 5521 2257 5595 rebus
2284 5524 2410 5587 suis,
2436 5531 2481 5576 et
2510 5523 2624 5595 ideo
2670 5527 2830 5595 factos
2860 5521 3155 5595 catholicos;
3176 5536 3291 5574 cum
3326 5536 3472 5595 acce-

1900 5595 2094 5662 pissent
2123 5593 2430 5656 libertatent,
2459 5590 2720 5650 redierunt
2746 5595 2812 5647 ad
2839 5593 2957 5646 illos
2991 5591 3203 5660 quidam
3221 5631 3237 5657 ,
3263 5590 3474 5657 quidam

1896 5661 2013 5716 vero
2041 5673 2359 5717 manserunt.
2394 5664 2654 5730 Quamdiu
2688 5680 2788 5720 non
2827 5665 3158 5729 intrauerunt,
3193 5662 3344 5715 rebus
3369 5661 3474 5718 suis

1898 5735 2192 5800 timuerunt,
2221 5745 2267 5786 et
2324 5750 2436 5787 eum
2465 5735 2808 5799 intrauerunt,
2863 5731 3102 5786 discendo
3153 5744 3474 5788 manserunt.

1901 5804 2048 5860 Unde
2069 5807 2166 5858 scis
2195 5820 2335 5874 ergo,
2362 5821 2422 5857 ne
2443 5806 2536 5858 iste
2562 5807 2646 5875 qui
2675 5808 2811 5860 timet
2840 5802 2986 5857 rebus
3012 5802 3155 5875 _suis,
3187 5805 3321 5857 inter
3350 5804 3471 5858 illos

1899 5877 1990 5932 crit
2019 5877 2105 5944 qui
2135 5876 2240 5944 ﬁcti
2266 5873 2845 5946 iuventisunt',masime
2865 5873 3136 5930 accedente
3186 5881 3332 5929 tanta
3362 5875 3477 5932 luce
