4018 6490
103 305 260 366 H89

185 420 275 477 Id.
326 421 464 478 ibid.
503 421 770 477 Obaudisti
797 438 889 478 vo-

99 505 219 546 οαη
262 509 462 550 meam.
962 510 1104 548 mete.

180 561 264 618 Id.
303 563 447 620 ibid.
469 561 692 620 Exhibet
711 581 884 622 verum.
1030 563 1162 619 Cod.
1210 579 1360 622 mu.
1437 565 1715 621 Exhibetur

960 651 1134 690 verax.

178 705 261 762 Id.
291 706 444 766 ibid.
476 708 544 762 In
575 707 785 775 psalmis
825 707 890 763 de

98 774 372 835 Domino.
577 774 582 775 γ
959 795 1072 834 vere
1099 781 1160 831 de
1185 774 1431 832 Domino.

179 845 262 902 Id.
293 848 365 904 N.
397 850 451 904 4.
477 847 599 904 Non
622 859 693 904 est
720 864 887 920 pecca-
1035 848 1202 903 Codd.
1236 849 1414 902 ainbo.
1455 846 1572 902 Non
1596 851 1715 919 quia

100 924 216 993 tum
285 934 474 974 rerum
527 923 730 993 jurare.
784 921 893 978 Sed
963 931 1032 975 est
1054 927 1314 993 peccatum
1331 935 1501 973 verum
1508 920 1710 988 jurare,

99 987 258 1060 quia,
290 998 406 1060 etc.
499 987 543 1060 ξ
953 993 1041 1048 sed
1054 987 1210 1060 quia,
1233 1002 1338 1060 etc.

177 1057 260 1113 Id.
299 1059 442 1116 ibid.
483 1057 690 1132 Jurare,
742 1063 888 1133 longe
1033 1057 1126 1116 Iid.

103 1138 204 1192 est,
268 1139 388 1184 etc.
961 1142 1055 1195 est,
1080 1141 1184 1186 etc.

183 1201 263 1254 Id.
315 1200 454 1254 ibid.
490 1201 596 1258 Sed
641 1202 883 1260 Dominut

97 1269 347 1342 iuravit,
376 1272 564 1342 inquit.

133 1411 144 1422 θ
182 1341 263 1395 Id.
300 1341 374 1397 N.
406 1341 460 1400 5.
490 1343 558 1398 In
584 1344 698 1415 ipsa
722 1343 890 1400 lucta-

103 1419 272 1468 tione.

175 1484 360 1539 SERI.
438 1499 651 1540 cccvnt.
715 1486 779 1540 Ν.
834 1491 884 1541 t.

102 1549 325 1627 Temere
322 1556 558 1627 juravit
589 1571 606 1609 :
645 1558 758 1627 quis
799 1574 886 1610 ue-

101 1623 234 1706 sciat
260 1623 519 1706 {Tamen
571 1623 748 1699 lapsus
786 1638 878 1700 est,

97 1697 329 1766 iuravit.

177 1764 260 1820 Id.
290 1765 362 1822 N.
393 1766 450 1823 2.
503 1765 740 1824 Hominis
763 1785 884 1825 san-

99 1837 264 1907 guine
292 1837 535 1906 implere.

179 1907 261 1963 Id.
321 1907 462 1963 ibid.
533 1909 882 1966 Commemoro

100 1993 229 2050 ergo
264 1980 580 2050 charitatem
609 1990 842 2036 vestram.

177 2049 256 2103 Id.
321 2051 461 2107 ibid.
501 2049 718 2118 Malam,
772 2070 874 2107 ma-

98 2117 232 2244 :am,
262 2121 488 2187 malam,
528 2132 575 2175 et
607 2124 753 2177 valde
781 2140 883 2179 ma-

125 2206 236 2244 ant.

125 2206 236 2246 ant.

173 2259 259 2318 Id.
315 2263 386 2318 Ν.
441 2261 500 2317 5.
553 2261 688 2331 Quia
747 2265 878 2321 dixit

99 2329 369 2387 Dominus
390 2332 564 2388 Iesus.

174 2403 260 2458 Id.
292 2403 430 2460 Ibid.
464 2405 685 2472 Quando
728 2423 760 2460 a
788 2423 872 2462 no-

99 2472 192 2546 bis,
206 2476 509 2546 exigeretur
528 2517 543 2542 ,
580 2485 697 2546 etc.

175 2543 260 2600 Id.
298 2543 405 2602 'N.
461 2550 514 2602 4.
563 2545 631 2600 Et
692 2548 884 2619 falsum

99 2629 235 2670 esse.

172 2685 254 2742 Id.
289 2685 361 2742 N.
388 2686 442 2741 5.
469 2685 538 2740 Et
571 2705 739 2743 nonne
779 2707 883 2743 me-

1033 707 1320 778 Coduxv.
1385 705 1450 760 In
1507 708 1716 778 psalmis

1232 1058 1442 1117 Jurare.
1543 1059 1718 1135 Longe

1033 1203 1168 1258 Cod.
1194 1218 1280 1257 xv.
1305 1202 1411 1258 Sed
1442 1201 1712 1272 Dominus,

961 1274 1153 1344 inquis,
1177 1275 1394 1343 juravit.

1032 1343 1108 1400 Id.
1139 1342 1208 1399 In
1233 1346 1347 1414 ipsa
1376 1344 1534 1400 lucta.

1036 1485 1171 1542 Cod.
1204 1500 1355 1543 xxui.
1385 1485 1596 1540 Temere
1631 1486 1715 1543 iu-

1036 1505 1171 1542 uou.
1204 1505 1355 1543 xxui.
1386 1505 1596 1540 temere
1613 1505 1715 1610 fu-

957 1557 1104 1621 ravit,
1162 1557 1282 1626 quia
1326 1557 1553 1612 nescivit.
1657 1573 1718 1609 a-

955 1628 1285 1700 men_lapsus‘
1297 1636 1390 1700 est,
1406 1699 1413 1700 ί
1429 1629 1516 1696 qui
1553 1629 1721 1700 jura-

955 1699 1044 1752 vit.
1075 1697 1196 1752 Viti.
1223 1713 1334 1753 var.
1368 1699 1537 1754 Maur.

1028 1769 1106 1842 Id_.
1177 1768 1414 1823 Hominis
1470 1769 1721 1842 sanguine

953 1839 1213 1894 implesse.

1045 1913 1098 1985 d.
1171 1909 1520 1985 Commemoro
1594 1928 1716 1985 ergo

955 1981 1195 2035 charitati
1235 1991 1431 2036 vestrae.

1028 2053 1100 2105 Id.
1163 2051 1402 2120 Malam,
1475 2053 1665 2108 malum
1698 2094 1713 2122 ,

952 2123 1103 2178 valde
1140 2124 1352 2176 malam.

1019 2263 1099 2319 Id.
1131 2263 1269 2330 Quid
1291 2263 1425 2319 dixit
1462 2261 1714 2319 Dominus

945 2333 1100 2390 Iesus
1116 2335 1140 2389 ?

1028 2406 1102 2460 Id.
1162 2405 1434 2474 Quomodo
1487 2422 1520 2461 a
1572 2407 1714 2460 nobis

953 2479 1241 2538 exigeretur
1256 2521 1270 2538 .
1324 2487 1429 2533 etc.

1054 2551 1105 2603 d.
1151 2548 1338 2618 falsum
1370 2563 1494 2602 esse.

1026 2689 1102 2745 Id.
1151 2687 1341 2744 Melius
1387 2705 1492 2744 rem
1549 2698 1708 2756 tuam,

101 2753 205 2810 lius
256 2769 398 2832 erat,
451 2767 506 2832 ut
578 2775 686 2814 rem
739 2770 878 2816 tuam
950 2777 1104 2832 quam
1139 2761 1394 2831 exigebas,
1455 2753 1709 2832 perderes,

100 2843 259 2895 quam
311 2830 550 2902 exigebas
578 2832 872 2902 perderes,
949 2829 1101 2902 quam
1171 2829 1396 2886 animum
1457 2829 1712 2887 ’Itominis

100 2901 521 2977 q_uam_a_nima_m
564 2901 780 2977 hominis
808 2901 878 2977 is}
947 2901 1084 2974 falsa
1121 2904 1388 2977 juratione
1416 2903 1704 2973 perimeres.

103 2969 206 3022 tius
256 2971 403 3042 falsa
442 2973 706 3042 juratione
749 2975 882 3042 peri-

104 3050 272 3095 meres
288 3041 317 3096 2

175 3109 256 3166 Id.
290 3113 429 3170 ibid.
452 3113 798 3171 Abstuleritis.

1017 3115 1095 3170 Id.
1183 3114 1510 3168 Abstuleritis
1578 3129 1706 3181 prte-

947 3195 1114 3262 stante
1141 3181 1565 3262 Dominonostro
1584 3182 1709 3238 Jesu
1736 3197 1784 3262 ρ

108 3247 462 3327 βήήσεοιᾳιιί
489 3273 604 3312 cum
634 3257 793 3311 Patre
823 3265 870 3310 et
900 3255 1103 3327 Spiritu
1126 3265 1304 3310 sancto
1332 3254 1450 3310 vivit
1469 3263 1514 3308 et
1529 3263 1708 3326 regnat

106 3321 162 3376 in
188 3321 397 3381 secula
435 3328 763 3383 steculorum.
787 3321 970 3384 Amen.

672 3441 902 3496 SERMO
940 3439 1142 3497 CCCX.

171 3550 416 3621 Legitur
441 3552 494 3608 in
522 3553 643 3610 cod.
675 3553 828 3609 Cass.
875 3568 988 3621 xu,
1017 3551 1113 3608 I'ol.
1144 3552 1272 3607 270.

173 3647 329 3703 Edit.
399 3646 462 3700 Ν.
514 3644 566 3700 I.
639 3646 884 3706 ’Spiritus
1026 3643 1161 3701 Cod.
1194 3642 1564 3699 Gloriosissimi
1587 3660 1717 3698 mar-

106 3730 321 3774 sauctus
352 3717 535 3772 doceat
584 3733 674 3772 nos
708 3717 762 3772 in
790 3719 884 3772 hac
956 3718 1083 3787 tyris
1138 3714 1384 3786 Cypriani
1431 3715 1716 3787 sacratissi-

107 3792 234 3843 ho'ra
264 3805 390 3861 qua:
411 3797 643 3856 oporteat
671 3790 886 3861 dicere:
955 3786 1093 3861 mam
1120 3788 1406 3861 passionem
1429 3786 1488 3861 in‘
1522 3802 1714 3861 memo-

108 3857 301 3914 dictur'i
368 3861 505 3913 enim
550 3876 725 3914 sumus
782 3860 883 3912 ali-
955 3859 1031 3912 ria
1068 3859 1211 3911 nobis
1239 3866 1434 3911 revocat
1469 3857 1714 3910 hodierna

109 3933 228 4001 quid
280 3933 348 3986 de
419 3931 570 3984 laude
633 3929 878 4001 Cypriani
949 3931 1262 4001 sole-initas.
1310 3927 1552 4001 Natalem
1570 3930 1716 3999 quip-

111 3999 470 4071 gloriosissimi
494 3999 758 4071 martyris,
785 4018 876 4056 cu-
953 4018 1014 4070 pe
1039 4004 1149 4073 ejus
1191 3999 1342 4054 hodie
1377 4000 1713 4056 celebramus.

111 4075 193 4146 ius
237 4075 470 4146 natalem
520 4074 694 4137 hodie,
750 4074 881 4126 sicut

113 4143 298 4210 nostis,
331 4143 662 4199 celebramus.

182 4214 318 4269 Ibid.
369 4212 439 4268 Id
484 4225 580 4281 est,
638 4213 879 4282 Natales,

115 4293 168 4337 ut
208 4285 456 4340 Natales.

187 4357 327 4412 Ibid.
361 4355 499 4427 ﬁoc
541 4372 726 4410 nomen
777 4357 882 4427 fre-

115 4437 320 4496 quentat
349 4426 603 4490 Ecclesia,
625 4439 699 4493 ut,
736 4426 839 4480 etc.

189 4497 325 4553 Ibid.
388 4496 494 4556 Sed
547 4497 698 4552 illum
748 4498 880 4551 diem

118 4583 216 4621 non
233 4568 624 4635 celebraremus,
643 4569 735 4623 etsi
766 4585 883 4622 nos-

121 4653 309 4696 scmus.
341 4638 452 4694 Illo
479 4641 614 4695 enim
638 4642 745 4705 die,
772 4649 876 4694 etc.

1029 4213 1109 4269 Id.
1139 4210 1205 4266 Id
1231 4221 1324 4276 est,
1354 4221 1407 4264 ut
1443 4210 1672 4267 Natales.

1024 4355 1105 4412 Id.
1139 4353 1255 4408 Hoc
1284 4368 1467 4407 no.2:en
1487 4351 1716 4423 frequen-

953 4437 1044 4491 tat,
1077 4436 1154 4492 ut,
1184 4435 1291 4480 etc.

1027 4500 1102 4551 Id.
1162 4496 1266 4550 Sed
1308 4496 1516 4565 quando
1561 4504 1712 4548 natus

955 4640 1340 4693 celebraremus.
1367 4636 1432 4691 In
1453 4637 1544 4690 illo
1573 4638 1708 4689 enim

190 4779 322 4836 Ibid.
355 4779 470 4835 Isto
495 4788 665 4835 autem
693 4782 777 4836 die
806 4784 878 4836 ri-
953 4710 1238 4835 dtidfllcito
1269 4779 1350 4831 die
1377 4779 1539 4847 finivit
1560 4793 1708 4834 omne

118 4858 358 4923 at_9mns
381 4862 662 4923 peccatum.
949 4863 1230 4923 peccatum.

1021 4923 1097 4977 Id.
1135 4920 1218 4974 Ex
1259 4919 1597 4973 occultissimo
1643 4934 1703 4972 ac

949 4991 1349 5064 profundissimo
1383 4990 1522 5046 sinu.

1021 5058 1093 5119 Id.
1159 5063 1222 5116 In
1266 5058 1536 5114 'Itonorem
1606 5058 1706 5129 Cy-

946 5137 1111 5208 priani
1140 5135 1280 5208 bibit.

1019 5208 1095 5262 Id.
1148 5205 1215 5260 Et
1237 5212 1378 5259 tanto
1397 5201 1700 5272 jucundius.

1018 5278 1095 5332 Id.
1125 5278 1374 5347 Cingatur
1403 5289 1438 5328 a
1457 5287 1700 5326 veneran-

946 5351 1101 5404 tibus.

1016 5419 1092 5475 Id.
1151 5416 1248 5472 Ubi
1298 5416 1392 5469 illa
1454 5413 1700 5480 surrexit,

943 5493 1036 5547 iste
1065 5497 1348 5554 prostratus
1375 5494 1470 5540 est.

1021 5552 1095 5616 Id.
1122 5559 1340 5626 Quando
1368 5559 1490 5627 (aut,
1513 5552 1702 5610 melius

947 5625 1222 5704 quomodo)
1274 5625 1385 5683 nos‘
1415 5625 1701 5683 celebrare-

187 4920 249 4976 N.
281 4922 336 4977 2.
381 4920 483 4976 Ἐκ
536 4923 878 4980 occultissimo

121 5002 318 5048 naturte
341 4995 483 5048 sinu.

189 5061 318 5118 Ibid.
373 5062 598 5135 Propter
633 5065 875 5121 Natalem

122 5132 357 5203 Cypriani
377 5132 518 5190 bibit.

190 5205 320 5259 Ibid.
349 5205 416 5260 Et
449 5215 589 5262 tanto
610 5207 836 5264 dulcius.

191 5275 318 5331 Ibid.
355 5275 606 5348 Cingatur
634 5282 698 5334 ab
724 5281 871 5335 obse-

125 5349 405 5412 quentibus.

193 5417 320 5472 Ibid.
357 5418 456 5474 Ubi
482 5419 574 5472 illa
592 5430 756 5476 erecta
773 5431 868 5491 est,

125 5484 500 5558 ibiprostratus
525 5501 618 5544 est.

197 5557 258 5613 Ν.
287 5559 339 5616 5.
375 5559 523 5617 Unde
543 5578 634 5617 nos
657 5563 873 5618 celebra-

127 5641 306 5685 ηηιιιε.
375 5648 380 5654 ”

195 5827 211 5860 ⁸
253 5829 381 5892 Vide
403 5849 571 5892 sem.
600 5847 811 5904 occari,
840 5849 896 5891 a.
931 5833 986 5894 ὅ.

1391 309 1676 366 LECTION
1685 309 1767 367 ES
1805 309 2196 369 VARIAN'I‘ES

1033 419 1166 479 Cod.
1192 435 1276 477 xv.
1309 420 1580 478 Obaudisti
1607 427 1716 482 voci
1743 429 1797 489 Α
1891 425 1952 478 Ν.
1980 425 2032 478 4.
2083 425 2148 479 Et
2172 427 2243 479 ad
2269 427 2374 480 alta
2401 425 2539 481 loca.

1748 1819 1796 1881 Β
1896 1831 1958 1885 Ν.
1989 1831 2041 1884 2.
2069 1828 2285 1886 Caecitas
2313 1829 2578 1901 cruciﬁge-

953 4569 1038 4631 sit,
1070 4567 1269 4620 etiamsi
1315 4557 1576 4630 iciremus,
1609 4581 1710 4619 non
1734 4557 1790 4620 Ι)

3269 317 3407 376 “90

2722 427 2798 483 Id.
2822 426 2905 484 Ad
2932 432 3038 486 alia
3057 431 3192 488 loca.

1824 517 1830 523 ·
1899 496 2028 551 Ibid.
2056 497 2346 553 Lectionis:
2383 500 2576 553 alacres
2721 500 2800 559 Id.
2854 500 3123 558 Lectionis.
3180 505 3390 563 Alacres

1818 567 2124 645 celebremus
2159 567 2292 645 hunc
2338 571 2491 645 diem,
2527 579 2572 620 rt
2649 588 2764 640 ergo
2783 571 3400 645 celebremushuncdiem,

1819 639 1892 715 ita
1915 653 2086 692 omnes
2119 641 2425 715 unanimiter
2451 657 2573 715 sup—
2648 639 2870 715 et’cujus
2897 646 3212 714 triumphum
3248 639 3409 702 hono-

1818 710 2091 782 plicemus.
2128 721 2181 762 ut
2239 713 2290 762 in
2348 710 2577 765 Ecclesia
2647 710 2822 767 ramus
2877 710 3122 782 interra,
3174 724 3408 775 meritum

1818 781 2014 855 majore
2039 796 2353 855 communem
2381 795 2576 848 patrem
2649 801 3011 855 cognoscamus
3036 787 3088 840 in
3114 781 3263 844 calo.

1820 851 1999 903 aua‘ire
2054 860 2099 902 et
2161 853 2328 907 ridere
2383 871 2577 908 merea-

1820 937 1971 999 mur;
2004 920 2226 999 habituri
2255 933 2300 999 et
2325 929 2388 977 de
2407 940 2636 999 sermone
2663 928 2776 997 ejus
2800 929 3063 999 gaudium,
3107 939 3156 982 et
3196 932 3260 985 de
3287 949 3404 999 pas-

1819 992 1979 1065 s_ionis
2013 995 2123 1065 eius
2152 993 2316 1061 gloria
2364 992 2700 1064 profectumf
2721 992 2820 1065 per'
2856 997 3134 1056 Dominum
3175 992 3404 1058 nostrum

1819 1061 2001 1118 Jesum
2028 1061 2309 1118 Christum.
2344 1061 2527 1121 Amen.

2335 1175 2564 1232 SERIIO
2599 1176 2891 1235 CCCXVII.

1893 1288 2108 1360 Legitur
2137 1286 2521 1368 in.co:l._Cass.
2558 1306 2632 1356 χι,
2664 1290 2758 1350 fol.
2782 1291 2910 1360 2I2,
2955 1301 3012 1351 et
3050 1295 3170 1352 cod.
3205 1299 3406 1368 pariter

1820 1357 1988 1416 Cassi
2010 1375 2104 1430 xu,
2135 1357 2232 1416 fol.
2256 1358 2379 1416 19.7.

1895 1472 2038 1527 Edit.
2073 1471 2138 1527 N.
2167 1470 2218 1537 I,
2256 1471 2569 1539 Coronatus;

2719 1459 2888 1550 Codd.
2912 1476 3216 1544 Coronalus,
3235 1481 3406 1550 factus

1821 1545 1942 1601 illas
1967 1554 2151 1606 terras,
2181 1550 2288 1599 etc.

2647 1547 2793 1621 estin
2815 1550 3063 1621 martyrio
3085 1547 3407 1621 primus,qui

2645 1617 2911 1670 videbatur
2952 1617 3014 1672 in
3069 1617 3408 1678 ecclesiastico

2646 1689 2826 1742 ordine
2853 1704 2960 1744 esse
2990 1701 3299 1759 postremus.
3332 1694 3409 1749 ll-

2647 1759 2724 1812 las
2751 1767 2931 1823 terras,
2957 1772 3063 1815 etc.

2722 1829 2892 1884 Codd.
2927 1846 3024 1885 xu.
3067 1834 3203 1888 Circi
3237 1837 3406 1889 cruci—

2653 1900 2899 1975 ﬁgebant,
2952 1912 3000 1955 et
3041 1915 3216 1974 postea
3253 1923 3407 1975 quam

2649 1973 3034 2048 cruciﬁxerum,
3067 1975 3130 2048 de
3155 1973 3408 2048 sanguine

2646 2059 2738 2118 suo
2762 2041 2999 2118 Christus
3026 2041 3300 2118 collyrium
3328 2049 3398 2104 il-

2647 2112 2712 2168 lis
2724 2114 2881 2200 fecit:

2722 2185 2888 2242 Codd.
2924 2185 3014 2244 Sic
3037 2189 3202 2243 luceat
3230 2189 3405 2247 lumen

2649 2267 2869 2310 vestrum
2898 2273 3070 2312 coram
3092 2260 3405 2318 hominibus.

1823 1903 1908 1956 bat
1935 1911 2022 1956 :et
2072 1903 2350 1972 cruciﬁxus
2401 1903 2473 1954 eis
2514 1902 2578 1954 de

1819 1976 2070 2043 sanguine
2095 1989 2188 2028 suo
2209 1973 2478 2045 collyrium
2495 1973 2577 2048 {a-

1820 2045 2001 2100 ciebat.

1886 2186 1952 2241 Ν.
2006 2186 2059 2240 ι.
2120 2187 2287 2244 Nemo
2348 2187 2578 2242 accendit

1819 2258 2102 2330 lucernam,
2175 2271 2221 2313 et
2281 2261 2424 2330 ponit
2463 2274 2577 2312 eam

1818 2331 1908 2382 sub
1939 2329 2132 2395 modio,
2162 2331 2251 2386 sed
2276 2329 2429 2399 super
2455 2346 2577 2384 can-

1819 2401 2106 2467 delabrum,
2133 2413 2188 2456 ut
2212 2403 2380 2456 luceat
2411 2402 2574 2456 omni-

1818 2469 1909 2524 bus
1935 2473 2022 2540 qui
2051 2473 2102 2525 in
2131 2472 2284 2527 domo
2311 2479 2451 2525 sunt.
2467 2469 2575 2527 Do-

1816 2547 1952 2606 mus’,
1984 2544 2207 2598 mundus
2225 2553 2320 2598 est.

1886 2611 2022 2670 Ibid.
2061 2611 2133 2668 Et
2160 2629 2252 2686 ego
2286 2612 2498 2669 mundo.

2648 2397 2723 2477 ni,
2756 2408 2809 2477 ut
2853 2399 3055 2456 videant
3099 2397 3284 2477 omnes
3318 2406 3406 2476 qui

2647 2471 2697 2522 in
2759 2471 2907 2548 domo
2976 2481 3114 2528 sunt.
3179 2471 3403 2548 Domus,

2646 2545 2864 2593 mundus
2893 2551 2986 2594 est.

2719 2611 2794 2666 Id.
2809 2609 2905 2664 tEt
2927 2628 3018 2681 ego
3040 2616 3254 2670 ntundo.
3289 2615 3406 2674 Cm-

2645 2691 2756 2738 tera
2781 2681 3053 2748 ditl‘erunt,
3081 2687 3176 2742 sed
3200 2690 3404 2744 incuria

2643 2753 3049 2808 amanuensium
3115 2771 3222 2813 nou
3291 2760 3405 2816 lue-

2646 2832 2772 2895 runt
2802 2824 3142 2895 transcripta.

1883 2895 1949 2951 Ν.
1977 2895 2010 2948 5
2038 2895 2106 2950 ad
2135 2897 2358 2952 calcem.
2393 2895 2567 2952 Domi—
2711 2892 2844 2965 Co_d.
2881 2910 2952 2948 xu
2993 2892 3117 2965 post
3147 2897 3259 2953 haec
3283 2915 3402 2956 ver-

1812 2981 1883 3021 ηο
1901 2969 2295 3024 commendavit.
2549 3031 2552 3036 _
2641 2965 2740 3040 ba,
2752 2962 2984 3040 Domino
2995 2962 3401 3040 commendavit,

2641 3036 2791 3108 addit
2852 3051 2970 3107 quas
3022 3036 3395 3108 sequunturi

1819 3125 1838 3158 ι
1871 3107 2074 3164 Dilexit
2098 3123 2226 3178 ergo
2247 3109 2552 3182 Stephanus
2574 3107 2993 3182 inimicosAsuos.
3015 3107 3150 3182 11am
3178 3113 3266 3181 qui
3302 3127 3400 3182 pro

1814 3192 1875 3232 se
1903 3193 2096 3246 rogans
2127 3177 2298 3243 stetit,
2347 3177 2441 3247 pro
2485 3179 2587 3236 illis
2613 3193 2784 3250 genua
2814 3177 2927 3232 fixit
2958 3179 2997 3232 ⁸.
3025 3177 3220 3305 Utiﬂué
3259 3177 3403 3252 quod

1820 3245 2074 3305 scriptum
2107 3259 2208 3305 est.
2241 3249 2341 3302 hoc
2372 3249 2610 3305 implevit
2652 3263 2811 3303 verus
2855 3250 3092 3304 imitator
3158 3253 3403 3305 ominicm

1820 3249 2074 3318 scriptum
2107 3259 2208 3312 est,
2241 3249 2341 3302 hoc
2372 3249 2629 3314 implevit
2652 3263 2811 3318 verus
2855 3250 3092 3304 imitator
3120 3249 3404 3311 dominica:

1818 3317 2126 3393 passionis,
2153 3327 2209 3374 et
2240 3321 2502 3393 perlectus
2531 3328 2613 3374 est
2642 3317 3164 3393 Christi__discipulus
3206 3337 3404 3393 appro-

1820 3388 2004 3464 batus,
2039 3389 2346 3464 quisquod
2376 3404 2442 3464 e_x
2480 3393 2733 3464 magistro
2756 3388 3018 3464 audierat,
3053 3390 3105 3445 in
3135 3388 3256 3464 sua'
3276 3388 3403 3464 pas.

1818 3461 1972 3517 sione
2017 3460 2338 3529 complebat.
2393 3459 2647 3514 Dominus
2695 3460 2836 3514 enim
2886 3473 3006 3512 cum
3061 3459 3315 3529 penderet
3346 3465 3399 3522 in

1819 3531 2098 3606 cruce,‘:_tit
2127 3528 2154 3583 τί
2176 3528 2354 3595 Pater,
2382 3531 2588 3606 ignosce
2608 3531 2733 3606 illis,
2775 3528 3154 3606 quia_nesriunt
3173 3535 3296 3602 quid
3319 3536 3401 3606 [a-

1819 3605 1959 3674 ciunt
1993 3600 2146 3674 (Luc.
2186 3617 2345 3674 xuut.
2380 3601 2494 3667 54).
2535 3603 2598 3655 Ει
2653 3603 2836 3674 beatus
2884 3600 3223 3674 Stephanus,
3277 3600 3397 3663 cum

1813 3673 1924 3742 jam
1957 3670 2090 3740 pene
2113 3671 2378 3748 lapidibus
2403 3675 2742 3748 obrueretur,
2766 3671 2846 3726 sic
2876 3672 2949 3726 ait
2973 3670 3230 3748 :MDomine
3249 3673 3397 3748 Jesu,

1817 3757 1882 3817 ne
1908 3751 2105 3817 statuas
2125 3743 2356 3817 illisAItoc
2383 3753 2640 3817 peccatum
2668 3744 2806 3817 (Act.
2837 3757 2946 3817 vn_,
2976 3743 3091 3814 59).
3122 3744 3166 3800 Ο
3185 3743 3399 3814 θροειοὲ

1819 3813 1980 3885 licum
2010 3815 2206 3885 virum,
2233 3814 2342 3883 jam
2386 3829 2452 3869 ex
2492 3813 2756 3885 discipulo
2788 3815 3136 3883 magistrum!
3171 3813 3399 3885 oporte-

1819 3883 1909 3939 bat
1936 3885 2077 3959 enim
2110 3884 2340 3959 primum
2373 3883 2659 3959 martyrem
2689 3884 2884 3938 Christi
2915 3883 3398 3959 doctrinamsequi

1816 3956 2076 4027 magistri.
2109 3957 2277 4027 Rogat
2323 3970 2432 4027 pro
2468 3957 2667 4023 impiis,
2718 3963 2870 4026 rogat
2911 3971 3008 4027 pro
3045 3956 3394 4027 blasphemis,

1818 4025 2488 4101 pr_q’_lapidatori_bussuis.
2518 4027 2656 4101 Quia
2699 4025 2837 4101 ergo
2875 4025 3092 4082 diillcile
3138 4025 3254 4084 erat
3296 4025 3398 4101 pro

1821 4097 2032 4176 talibus,
2060 4097 2318 4176 exaudiri,
2364 4099 2603 4176 accessit
2644 4096 2944 4176 inﬁrmitas,
2978 4105 3050 4176 _ut
3081 4096 3397 4176 _t_i_rmarétur
3469 4158 3482 4176 ,

1817 4166 2069 4224 Charitas.
2121 4166 2302 4222 Genua
2360 4168 2460 4222 lixa
2515 4170 2761 4224 extorsit.
2820 4168 3022 4222 Putatis
3079 4168 3227 4224 illum
3287 4185 3392 4227 nun

1817 4239 2149 4304 exauditum,
2174 4240 2387 4310 quando
2421 4239 2534 4292 ait:
2570 4238 2807 4305 Domine,
2839 4255 2902 4292 ne
2927 4249 3122 4294 statuas
3167 4242 3272 4296 illis
3299 4245 3396 4297 hoc

1817 4310 2121 4378 peccatum?
2145 4309 2435 4363 Exauditus
2462 4319 2564 4376 est,
2596 4311 2748 4364 multi
2779 4325 2844 4363 ex
2875 4310 3004 4376 ipsis
3029 4311 3394 4370 crediderunt.

1816 4381 1922 4436 Sed
1954 4395 2058 4435 non
2091 4397 2182 4434 vos
2212 4383 2366 4436 mitto
2396 4380 2571 4450 longe.
2601 4381 2790 4436 Saulus
2821 4379 2910 4434 ille
2941 4380 3028 4448 qui
3072 4383 3122 4436 in
3155 4381 3392 4438 omnium

1819 4453 2065 4506 manibus
2116 4451 2403 4521 lapidabat,
2435 4449 2524 4521 qui
2555 4449 2900 4520 lapidantium
2932 4455 3245 4507 vestimenta
3275 4470 3391 4509 ser-

1817 4523 1996 4588 vabat,
2027 4525 2306 4577 exauditus
2335 4530 2416 4577 est
2447 4537 2542 4590 pro
2571 4523 2662 4578 illo
2711 4522 3035 4590 Stephanus.
3068 4524 3260 4579 Postea
3289 4540 3394 4580 ste-

1815 4593 1993 4649 viebat
2018 4594 2256 4666 acceptis
2295 4593 2511 4666 scriptis
2537 4594 2589 4648 in
2619 4593 2984 4666 Christianos,
3008 4595 3264 4666 pergebat
3293 4611 3392 4656 ste.

1816 4666 1988 4731 viens,
2021 4665 2354 4735 sanguinem
2376 4662 2617 4735 sitiebat;
2649 4665 2826 4735 caedes
2862 4662 3177 4735 anhelabat;
3207 4675 3261 4735 et
3293 4666 3392 4721 Do-

1815 4735 2012 4800 minus,
2046 4733 2142 4803 qui
2169 4751 2261 4804 pro
2305 4733 2394 4786 illo
2431 4733 2750 4788 exaudiebat
2798 4733 3126 4800 Stephanum
3156 4753 3166 4786 :
3202 4734 3386 4801 Saule,

1814 4805 1993 4867 Saule,
2023 4807 2216 4873 inquit,
2237 4804 2361 4872 quid
2389 4819 2468 4856 rne
2494 4804 2806 4874 persequeris
2833 4805 2970 4873 (Ast.
2997 4819 3071 4869 ix,
3099 4805 3194 4874 b)?
3218 4804 3386 4871 Quem

1811 4877 2071 4940 occidisti,
2105 4875 2311 4945 rogavit
2351 4888 2445 4942 pro
2475 4883 2544 4940 te,
2578 4883 2632 4928 et
2654 4873 2813 4944 eligo
2865 4884 3040 4945 te,_ut
3085 4873 3390 4932 cOnIitearis

1809 4963 1920 5012 me,
1951 4957 2000 5000 et
2033 4943 2278 5000 moriaris
2305 4959 2400 5013 pro
2429 4959 2533 4999 me.
2567 4943 2902 5014 Sancti’ergo
2941 4943 3196 5013 Stephani
3221 4947 3384 5000 Nata-

1777 5017 1918 5074 'Iem
1941 5033 2061 5072 cum
2096 5017 2268 5071 debita
2300 5015 2644 5070 veneratione
2685 5015 2942 5069 colamus.
2990 5014 3388 5074 Celebravimus

1811 5089 2050 5145 Natalem
2073 5087 2300 5155 Domini,
2318 5085 2650 5142 celebremus
2668 5096 2725 5141 et
2747 5087 2888 5140 servi
2908 5103 2922 5150 ;
2939 5085 3388 5156 frequentavituus

1807 5161 2152 5215 nativitatem
2199 5158 2516 5221 Salvatoris,
2587 5157 2986 5227 frequentemus
3034 5167 3090 5212 et
3145 5159 3385 5214 Natalem

1808 5233 2058 5302 martyris
2081 5247 2096 5293 ;
2118 5229 2410 5302 Dominum
2426 5228 2567 5302 enim
2593 5238 2830 5302 nostrum
2843 5227 3056 5302 peperit
3077 5229 3382 5302 incorrupta

1810 5299 1996 5370 Maria,
2025 5312 2078 5356 et
2107 5299 2434 5370 Stephanum
2473 5300 2764 5370 gloriosum
2790 5299 2858 5354 ad
2897 5302 3101 5370 palmas
3147 5300 3384 5370 martyrii

1807 5384 1988 5430 sancta
2018 5384 2188 5429 mater
2208 5369 2448 5444 provexit
2483 5369 2737 5424 Ecclesia.
2773 5387 2793 5422 ι

2289 5485 2523 5544 seuuo
2557 5471 2914 5541 cocxxvu.‘

1877 5585 2095 5657 Legitur
2122 5584 2174 5638 in
2199 5581 2320 5638 cod.
2352 5579 2504 5635 Cass.
2530 5594 2630 5644 xu,
2658 5578 2751 5634 fol.
2784 5580 2873 5635 54.

1876 5678 2018 5735 Edit.
2046 5676 2109 5733 Ν.
2142 5675 2189 5730 I.
2228 5673 2554 5743 Cantavimus
2695 5671 2828 5726 Cod.
2875 5671 3064 5726 Natale
3101 5673 3380 5728 beatissimi

1805 5748 1940 5816 Deo,
1963 5759 2250 5819 martyrum
2275 5761 2412 5800 voce.
2632 5754 2869 5819 martyris
2913 5744 3164 5811 Stephani
3202 5756 3380 5798 canta-

2631 5810 2791 5868 vimus
2812 5810 2923 5868 Deo
2941 5810 3059 5868 voce
3077 5823 3374 5886 martyrum.

2651 2325 2788 2400 Ecce
2817 2328 2948 2400 lucet
2975 2329 3144 2386 lumen
3181 2332 3407 2400 Stepha-
3507 2384 3510 2386 .
