4018 6464
147 371 305 456 1193

227 488 368 545 Ibid.
420 483 642 543 Veritati
668 502 771 542 non
799 500 910 542 cre-

149 559 334 614 dimus
359 559 423 613 de
443 557 643 614 Joanne
664 561 690 613 ?

155 702 191 714 .-
230 630 302 686 N.
330 629 387 684 5.
425 629 528 696 Qui
557 639 723 702 posset
750 628 921 686 dicere

147 711 303 828 “abl.
340 771 394 826 4.
447 771 531 828 Ne
567 789 721 829 sonus
755 770 926 828 inani-

151 851 374 988 leflbid.
401 913 533 970 Ecce
553 931 645 988 ego
675 903 818 986 prius
835 913 925 970 tibi

155 985 311 1039 edidi
336 995 542 1041 terram.

239 1057 374 1111 Ibid.
430 1056 744 1113 Subsecutus
795 1059 930 1112 ait:

157 1124 338 1182 Facta
365 1138 475 1184 erat
499 1129 726 1200 quidem,
753 1138 858 1184 etc.

247 1340 387 1397 Ibid.
419 1340 576 1396 Nunc
599 1357 714 1396 vero
741 1341 890 1395 audis
909 1355 929 1395 :

165 1411 242 1495 in
264 1413 527 1495 principio
548 1422 655 1495 erat
685 1411 926 1466 Verbum.

163 1481 312 1551 Quid
338 1481 546 1553 quieris.
571 1493 676 1539 etc.

243 1553 383 1610 Ibid.
424 1553 639 1622 Vellem,
669 1553 713 1610 si
742 1553 803 1609 de
827 1553 932 1609 imo

162 1624 484 1695 loquereris,
525 1637 580 1679 ut
609 1641 815 1681 sursum
843 1640 934 1680 cor

161 1697 423 1752 tenderes.

1402 369 1779 432 LEC'I'IONES
1815 371 2228 432 VARIAN'I‘ES.

3301 376 3446 438 “9‘

1057 483 1135 542 Id.
1161 483 1375 540 Veritati
1395 488 1650 544 credimus
1676 489 1742 544 de
1767 491 1821 552 Α
1845 489 1982 546 redit
2003 489 2071 546 ad
2109 503 2251 546 serm
2276 502 2541 556 cccuxx,
2573 503 2630 544 n.
2663 486 2721 554 8,
2751 497 3060 561 praceptum
3088 503 3311 560 namque
3323 494 3444 561 jam

989 555 1210 613 Joanne.

1001 701 1033 714 ,Α
1068 627 1145 685 Id.
1196 627 1325 684 Cum
1369 639 1536 700 posset
1590 630 1760 687 dicere

1074 739 1154 828 Id.
1185 770 1311 827 Non
1336 787 1492 828 sonus
1513 773 1755 831 inaniter.

1068 912 1148 969 Id.
1202 912 1336 970 Ecce
1360 931 1455 987 ego
1484 916 1627 986 prius
1669 914 1758 970 tibi

997 986 1116 1040 dedi
1147 995 1352 1040 terram.

1075 1057 1152 1112 Id.
1219 1056 1534 1112 Subsecutus
1602 1056 1676 1110 ait
1741 1072 1762 1114 :

1007 1127 1166 1183 Terra
1229 1137 1339 1181 erat
1395 1127 1664 1182 invisibilis
1712 1137 1760 1182 et

1003 1199 1358 1267 incomposita.
1430 1196 1598 1252 Facta
1649 1209 1760 1253 erat

1002 1271 1228 1341 quidem,
1252 1281 1355 1324 etc.

1079 1343 1154 1396 Id.
1168 1341 1341 1410 ,Nunc
1371 1355 1490 1410 ergo
1518 1355 1756 1410 eumau-

1002 1411 1081 1466 dis
1107 1428 1125 1467 :
1155 1409 1221 1464 In
1245 1409 1496 1480 principio
1524 1423 1628 1465 erat
1642 1409 1762 1466 Ver-

1003 1482 1153 1550 bum,
1180 1498 1273 1536 cur
1300 1482 1484 1549 quieris
1503 1521 1518 1546 ,
1546 1493 1653 1536 etc.

1076 1553 1151 1608 Id.
1206 1551 1440 1617 Vellem,
1469 1622 1474 1623 γ
1509 1551 1760 1623 quidquid

1004 1625 1077 1679 sic
1107 1624 1254 1698 (cod.
1305 1625 1393 1698 sit)
1442 1622 1505 1698 de
1545 1622 1758 1698 imo'lo-

1003 1693 1251 1764 quereris,
1277 1703 1331 1749 ut
1353 1693 1500 1764 (cod.
1531 1695 1598 1764 et)
1647 1711 1763 1749 sur-

913 1780 920 1787 ’
1005 1783 1119 1822 sum
1139 1781 1226 1820 σοι’
1257 1775 1506 1820 tenderes.

247 1838 387 1895 Ibid.
423 1838 562 1905 Quid
608 1839 672 1892 de
712 1838 934 1892 humana

161 1911 437 1965 nativitate
497 1909 622 1964 dicit
672 1907 938 1963 Joannes?

165 1979 241 2036 Et
306 1978 525 2036 Verbum
571 1995 693 2034 caro
748 1981 938 2051 factum

167 2061 273 2108 est.
303 2052 454 2106 Dicat
480 2060 528 2106 et
562 2051 780 2105 Paulus.

244 2122 310 2179 Ν.
335 2123 388 2176 5.
419 2122 480 2178 Si
502 2131 697 2194 potero,
719 2123 888 2176 dicam
912 2135 934 2177 :

165 2195 216 2248 si
266 2194 435 2248 dicere
461 2211 563 2248 non
595 2202 786 2262 potero,
827 2201 933 2248 etc.

248 2265 383 2320 Ibid.
423 2263 562 2332 Quid
590 2271 662 2318 est
693 2263 808 2327 hoc,
849 2263 940 2330 qui

172 2346 296 2403 post
330 2351 409 2390 me
435 2347 566 2401 erat,
594 2344 712 2388 ante
749 2349 829 2388 me
857 2333 940 2404 fa-

170 2417 293 2460 ctus
321 2408 431 2461 est?

256 2477 388 2531 Ibid.
405 2475 527 2532 Non
547 2475 790 2548 intelligis
804 2515 820 2541 ,
839 2476 941 2530 nisi

174 2549 463 2618 formatum
513 2563 620 2603 esse
679 2549 768 2617 qui
836 2564 940 2602 non

170 2629 310 2674 erat.

265 2689 398 2746 Ibid.
426 2689 634 2758 Quoties
650 2691 850 2755 factus?
871 2687 939 2744 Et

174 2762 294 2832 ipse
316 2764 435 2832 fecit
463 2761 656 2816 omnia.

258 2833 397 2888 Ibid.
444 2835 574 2888 Ante
616 2849 695 2886 nte
733 2835 940 2904 factus,

177 2906 470 2960 secundum
498 2905 550 2958 id
566 2904 704 2974 quod
724 2906 944 2973 Aposto-

178 2973 268 3030 lus
298 2977 388 3032 ait.

250 3046 322 3130 _N.
372 3047 429 3104 6.
486 3047 774 3130 Sequitur,
820 3045 942 3116 quia

175 3129 329 3191 prior
349 3135 428 3173 me
447 3129 588 3191 erat.

256 3189 563 3256 Ibid-Quid
602 3188 738 3243 enim
774 3188 821 3242 si
867 3187 949 3242 di-

175 3269 322 3332 ceret
354 3260 604 3332 dignum?

256 3331 394 3388 Ibid.
412 3329 427 3332 ⁷
439 3331 545 3388 Sed
588 3329 818 3385 Joannes
855 3329 949 3385 ho-

175 3419 298 3470 mo,
333 3401 566 3458 Christus
607 3400 746 3455 Deus
779 3411 826 3456 et
856 3402 950 3455 ho-

173 3491 296 3529 mo.
349 3472 552 3527 Deinde
581 3472 951 3528 inveniebatur

176 3542 793 3626 transpositio_pl_urium
830 3557 950 3597 ver-

175 3629 369 3679 suum,
395 3613 590 3682 quosin
609 3612 782 3667 locum
797 3628 948 3668 suum

179 3684 496 3744 retulerunt
521 3683 869 3739 Benedictini.

257 3755 394 3811 Ibid.
443 3753 634 3810 Crescit
674 3757 808 3810 enim
850 3756 950 3810 ali-

181 3827 314 3901 quit!
327 3835 397 3901 ,εει
420 3827 676 3901 artiﬁcial-

266 3896 399 3970 Ibid.
430 3896 732 3970 Refer-amns
768 3898 956 3970 fortas-

183 3970 261 4027 sis
287 3969 356 4023 ad
403 3967 620 4042 gloriam
641 4010 659 4037 ,
689 3979 736 4023 et
764 3967 956 4026 intelli-

265 4111 333 4167 Ν.
363 4112 416 4166 7.
478 4109 579 4166 Vos
622 4111 745 4167 estis
772 4112 942 4169 lumen

187 4181 396 4240 mundi.

268 4253 400 4309 Ibid.
455 4251 824 4309 Testimonium
873 4271 955 4312 ve-

190 4325 366 4397 ritatis
399 4324 479 4397 _de_
527 4325 762 4397 Domino
813 4343 909 4381 suo
932 4371 949 4397 ,

193 4395 337 4469 quod
390 4393 601 4450 habebat
649 4413 682 4449 a
730 4393 953 4452 Domino

194 4484 314 4524 ειιο.

274 4538 406 4594 Ibid.
418 4536 616 4593 Tmnen
634 4538 842 4592 lucerna
854 4555 956 4594 non

197 4620 350 4709 ἓξὲξ-
371 4609 801 4709 diftihcl‘ifﬁipuli.
865 4612 958 4663 At-
1027 4605 1564 4709 apostoli.
1609 4606 1784 4659 Atten-
1813 4605 2306 4709 Βέῇξέζλγυηα
2333 4612 2525 4690 specie,
2551 4637 2637 4676 vo,

199 4682 370 4747 tende,
405 4680 536 4748 forte
555 4682 696 4734 dictt.

277 4752 425 4824 Ibid.
481 4751 746 4818 Tanquam
807 4753 959 4824 cujus

200 4840 320 4891 vox,
349 4823 666 4894 reliquorum
692 4838 790 4878 vos:
827 4840 960 4894 pra:-

202 4905 420 4952 cesserat
426 4939 440 4956 ,

281 4968 416 5022 Ibid.
473 4966 613 5034 Quas
643 4965 871 5022 tenebras
907 4965 960 5020 in

206 5039 494 5110 apostolis?
521 5036 741 5092 Fuimus
784 5047 831 5091 et
869 5053 962 5091 nos

206 5112 507 5166 aliauando.
541 5119 671 5166 etc..
701 5107 789 5162 ubi
815 5107 965 5166 plura

206 5124 507 5183 aliquando,
541 5124 671 5174 etc.,
701 5124 789 5162 um
815 5124 965 5175 plura

209 5182 404 5265 deesse
457 5180 692 5236 fatentur
743 5177 967 5234 Benedi-

206 5264 360 5307 ctam.

206 5267 360 5308 CIIIlI.

1079 1836 1488 1932 !§!_:.-.Q."°$:.f"’
1504 1835 1762 1932 ..".“.""f"“
1790 1871 1839 1932 Β

1008 1908 1268 1964 nativitate
1316 1907 1439 1961 dicit
1490 1905 1717 1962 Joannes
1745 1948 1761 1973 ,

1008 1991 1054 2034 et
1114 1978 1330 2032 Verbum
1380 1993 1511 2050 caro
1567 1979 1763 2050 factum

1007 2058 1104 2116 est,
1134 2050 1269 2104 dicat
1296 2059 1340 2104 et
1373 2047 1590 2105 Paulus.

1077 2121 1154 2176 Id.
1202 2120 1262 2176 Si
1300 2131 1510 2192 potuero
1549 2121 1718 2174 dicam
1743 2135 1763 2176 :

1007 2192 1050 2248 si
1073 2193 1240 2246 dicere
1269 2208 1371 2246 non
1393 2201 1624 2261 potuero,
1655 2203 1763 2247 etc.

1085 2262 1164 2319 Id.
1212 2262 1350 2328 Quid
1395 2265 1630 2330 esthoc,
1675 2263 1765 2333 qui

1012 2343 1123 2406 post
1153 2349 1232 2386 me
1273 2335 1436 2400 venit,
1466 2346 1516 2392 et
1542 2347 1658 2390 ante
1686 2349 1766 2388 me

1012 2407 1176 2476 factus
1205 2416 1276 2476 est
1292 2406 1317 2458 ?

1085 2475 1164 2530 Id.
1196 2474 1320 2530 Non
1358 2475 1635 2550 intelligis,
1667 2475 1766 2531 nisi

1011 2550 1293 2618 formatum
1337 2564 1445 2603 esse
1489 2551 1624 2620 quod
1663 2563 1768 2602 non

1010 2627 1139 2674 erat.

1083 2691 1162 2744 Id.
1214 2689 1386 2748 Toties
1432 2701 1508 2748 est
1561 2691 1763 2762 factus,

1011 2763 1228 2834 ipsequi
1254 2763 1373 2830 fecit
1403 2762 1613 2818 omnia?

1085 2833 1163 2888 Id.
1206 2835 1338 2889 Ante
1375 2851 1456 2890 me
1501 2836 1669 2904 factus
1696 2838 1770 2886 est

1013 2905 1292 2976 secundum
1318 2906 1449 2961 illud
1469 2903 1604 2976 quod
1627 2903 1771 2975 Apo-

1013 2975 1175 3028 stolus
1203 2977 1294 3029 ait.

1083 3045 1162 3126 Id.
1189 3044 1434 3114 Sequitur
1446 3060 1626 3116 quare,
1647 3043 1772 3114 quia

1015 3125 1154 3187 prior
1183 3131 1264 3187 me
1292 3125 1421 3171 erat.

1091 3185 1168 3242 Id.
1199 3185 1336 3253 Quid
1364 3186 1498 3241 enim
1518 3186 1563 3241 si
1591 3201 1645 3241 se
1684 3186 1770 3241 di-

1019 3272 1178 3328 gnum
1192 3257 1425 3328 diceret?

1860 562 2045 632 fuerat,
2079 571 2187 617 etc.

1935 632 2066 687 Ibid.
2163 631 2447 702 Transposi
2457 630 2616 686 tionis

2759 631 2836 686 Id.
2868 629 3069 686 Paulus
3092 633 3346 699 quondam
3366 651 3441 691 re-

1858 705 2021 758 verba
2063 704 2234 768 prima
2280 711 2404 758 sunt
2453 702 2613 758 haec:

2692 703 2879 772 probus
2951 713 3002 757 et
3073 703 3444 774 blasphemus,

1862 773 2128 840 Quomodo
2150 775 2290 829 illius
2323 773 2524 845 reprobi
2557 783 2617 845 Aet
2687 775 2807 844 quia
2845 774 2974 845 sicut
3002 775 3112 845 ipse
3154 777 3225 829 ait
3253 773 3448 831 :Prius

1861 845 2142 913 blasphemi
2172 886 2189 911 ,
2229 845 2315 914 qui
2360 844 2502 913 prius
2539 843 2618 914 fui
2689 843 2768 912 fui
2789 843 3130 912 blasphemus,
3153 856 3259 902 etc.

1861 915 2207 986 blasphemus,
2229 926 2335 972 etc.

1933 987 2066 1041 Ibid.
2103 986 2230 1041 Herc
2255 989 2356 1041 duo
2397 1003 2418 1044 :
2445 986 2623 1042 Domi-

1861 1072 1959 1112 nus
1983 1067 2029 1112 et
2060 1056 2307 1112 Joannes.

1938 1127 2070 1184 Ibid.
2105 1127 2174 1184 Ut
2202 1146 2306 1182 non
2335 1129 2463 1183 obsit
2504 1128 2622 1183 sibi.

1934 1199 1997 1253 Ν.
2031 1198 2084 1253 8.
2116 1198 2374 1255 Joannem
2415 1216 2624 1271 passum

1861 1271 2187 1342 martyrium.
2695 1280 2987 1342 martyrem.

1934 1339 2071 1396 Ibid.
2133 1340 2457 1412 Praeceptum
2507 1344 2623 1414 jam
2710 1413 2713 1414 ν
2767 1339 2840 1396 Id.
2874 1339 3197 1414 Praeceptum
3233 1358 3453 1413 namque

1862 1413 2054 1480 fuerat,
2103 1423 2160 1466 ut
2185 1415 2229 1466 si
2255 1416 2366 1477 quis
2410 1413 2519 1467 sine
2545 1429 2625 1466 se-
2687 1413 2805 1484 jam
2849 1413 3061 1482 fuerat,
3089 1422 3144 1466 ut
3175 1413 3333 1483 frater
3361 1415 3452 1469 de-

1861 1485 1999 1536 mine
2020 1496 2320 1548 moreretur,
2351 1485 2438 1553 qui
2458 1485 2623 1554 magis
2697 1483 2860 1553 functi
2889 1483 3160 1554 acciperet,
3186 1492 3291 1540 etc.

1863 1555 2179 1625 propinquus
2219 1564 2364 1620 esset,
2417 1558 2622 1622 accipe-

1865 1635 1941 1679 ret
1951 1665 1966 1689 ,
1987 1635 2094 1682 CIC.

1939 1697 2072 1752 Ibid.
2108 1695 2475 1762 Suscitqndum
2512 1696 2624 1765 fra-

1869 1767 1959 1824 tris
1987 1769 2055 1822 ad
2082 1769 2258 1838 fratris
2279 1783 2480 1822 nomen.

2765 986 2840 1040 Id.
2894 985 3027 1040 Ecce
3053 988 3169 1046 fdus
3205 1001 3226 1041 :
3269 987 3449 1045 Domi-

2693 1072 2790 1111 nus
2817 1065 2866 1112 et
2896 1055 3142 1122 Joannes.

2770 1128 2846 1183 Id.
2884 1127 2952 1182 Ut
2980 1145 3082 1182 non
3111 1129 3301 1185 obesset
3329 1130 3447 1188 sibi.

2769 1199 2845 1253 Id.
2916 1197 3167 1253 Joannem
3241 1217 3451 1272 passum

2768 1693 2845 1767 Id.
2896 1694 3265 1752 Suscitandum
3304 1695 3456 1767 fratri

2697 1767 2766 1820 ad
2787 1766 2964 1835 fratris
2992 1782 3199 1822 nomen.

2350 1883 2582 1942 SERMO
2619 1882 2979 1940 CCCLXXXI.

1936 2005 2157 2077 Legitur
2181 2003 2236 2060 in
2261 2003 2384 2060 cod.
2415 2001 2630 2060 Cassin.
2660 2018 2769 2072 cu,
2797 2000 2895 2057 fol.
2919 2001 3010 2066 '50,
3037 2000 3148 2068 ubi,
3177 2017 3233 2056 n.
3259 2002 3446 2068 unico,

1865 2097 1985 2154 Ioco
2011 2111 2196 2154 eorum
2207 2111 2324 2168 qua;
2353 2095 2496 2153 edita
2522 2103 2646 2152 sunt
2671 2096 2740 2151 ab
2763 2095 2844 2149 his
2868 2093 3064 2159 verbis,
3089 2093 3213 2149 Non
3233 2109 3452 2150 sanare-

1867 2198 1949 2244 tur
1993 2188 2193 2259 inﬂatio
2235 2187 2586 2259 superborum,
2617 2200 2784 2256 usque
2821 2184 2888 2240 ad
2921 2185 3074 2240 litec:
3108 2201 3223 2239 cum
3253 2195 3446 2254 quanta

1867 2281 2036 2351 itaque
2063 2279 2260 2347 ltetitia,
2292 2289 2418 2344 etc.,
2453 2267 2719 2334 habentur
2744 2278 3019 2347 sequentia
3045 2295 3056 2329 :
3087 2275 3286 2344 Quam,
3297 2277 3452 2347 facile

1867 2376 2054 2446 quippe
2077 2390 2140 2428 ac
2167 2373 2381 2444 proclivi
2409 2371 2584 2426 ntorbo
2612 2370 2772 2437 dives,
2803 2370 2848 2424 si
2868 2369 3012 2440 prius
3037 2367 3286 2423 aChristo
3302 2384 3458 2423 voca-

1867 2479 2029 2535 retur,
2051 2475 2252 2539 putaret
2266 2483 2326 2522 ac
2337 2468 2524 2522 diceret
2543 2467 2594 2521 in
2609 2483 2662 2522 se
2675 2467 2883 2520 electam
2907 2465 3244 2535 opulentiam,
3271 2465 3458 2520 nobilis

1869 2560 2270 2632 generositatem,
2331 2570 2534 2614 senator
2593 2557 2920 2629 dignitatem,
2975 2573 3068 2611 rex
3117 2558 3461 2626 potestatein!

1874 2649 2075 2717 Quanto
2093 2666 2215 2720 ergo
2231 2666 2365 2704 nunc
2385 2649 2586 2715 melius,
2621 2656 2762 2702 tanto
2794 2648 3102 2702 ordinatius.
3122 2646 3280 2703 Prius
3299 2647 3462 2702 erexit

1871 2743 1936 2796 de
1962 2751 2096 2796 teme
2121 2743 2325 2810 inopem
2345 2782 2361 2808 ,
2393 2749 2442 2796 et
2471 2740 2538 2794 de
2562 2748 2784 2794 stercore
2826 2753 3106 2808 pauperem
3134 2738 3460 2804 sublimauit,

1871 2844 1928 2890 ut
1957 2835 2225 2890 collocaret
2247 2849 2362 2888 eum
2391 2849 2507 2887 cum
2526 2831 2838 2903 principibus
2863 2831 3044 2900 papuli
3065 2831 3166 2897 sui,
3193 2841 3248 2884 ut
3273 2847 3464 2886 munus

1873 2927 2228 3000 intelligentia
2253 2933 2302 2980 et
2332 2925 2578 2980 doctrina
2599 2939 2704 2978 non
2728 2922 2898 2978 solum
2917 2919 3013 2977 Dei
3032 2913 3173 2990 esse,
3195 2924 3286 2978 sed
3313 2924 3468 2978 etiam

1873 3037 1938 3076 ea:
1967 3021 2078 3075 Deo
2107 3037 2214 3075 esse
2237 3023 2528 3090 appareret.

2345 3131 2585 3190 SERMO
2620 3128 3008 3187 CCCLXXXII.

1797 3267 1847 3332 ο
1952 3249 2170 3321 Legitur
2196 3247 2249 3302 in
2274 3245 2398 3302 cod.
2429 3244 2638 3301 Cassin.
2670 3257 2746 3307 xi,
2772 3241 2869 3297 fol.
2897 3242 3024 3308 2H,
3055 3241 3146 3296 ubi
3174 3257 3228 3297 n.
3258 3241 3294 3298 5
3317 3282 3334 3308 ,
3365 3242 3466 3299 ho-

1093 3327 1226 3383 lbid-
1268 3327 1558 3410 Bellium"
1585 3326 1774 3410 83d?!“
1809 3326 1847 3332 “
1878 3357 1996 3400 rum
2009 3338 2452 3406 verborumloco,
2474 3334 2670 3390 Didicit
2694 3334 3158 3406 legendo,perfecit
3177 3333 3462 3404 implendo.

1020 3399 1338 3469 interruplio
1362 3444 1377 3470 ,
1421 3414 1542 3471 quae
1571 3399 1775 3471 _ver_bis

1025 3469 1454 3539 praecedentibus
1480 3469 1619 3525 male
1659 3469 1776 3523 alli-

1021 3542 1246 3609 gabatur
1275 3542 1374 3596 hac
1404 3539 1719 3596 sententiola
1757 3555 1774 3592 :

1023 3613 1106 3666 hic
1151 3613 1305 3665 modo
1332 3613 1629 3665 imminutus
1667 3618 1773 3677 est,

1023 3695 1070 3738 et
1096 3684 1248 3736 crevit
1276 3683 1384 3737 ille.

1095 3753 1172 3808 Id.
1207 3752 1398 3808 Crescit
1425 3755 1560 3808 enim
1580 3751 1777 3821 aliquid

1022 3837 1078 3880 ut
1102 3825 1422 3894 perﬁciatur.

1097 3895 1175 3952 Id.
1215 3895 1496 3950 Redeamus
1541 3894 1779 3965 fortassis

1025 3969 1095 4024 ad
1139 3967 1376 4040 gloriam,
1422 3977 1477 4021 ut
1524 3966 1780 4038 intelliga-

1095 4111 1173 4166 Id.
1211 4109 1313 4164 Vos
1341 4109 1459 4164 estis
1477 4107 1777 4163 luxmundi.

1098 4251 1176 4308 Id.
1212 4251 1575 4306 Testimonium
1598 4250 1783 4304 verita-

1029 4325 1092 4380 tis
1132 4323 1355 4378 Domino
1384 4339 1476 4376 suo
1524 4322 1660 4390 quod
1700 4319 1784 4373 ha-

1029 4395 1175 4450 bebat
1201 4396 1264 4448 de
1291 4393 1516 4448 Domino
1540 4407 1654 4446 suo.

1101 4537 1178 4593 Id.
1205 4536 1398 4592 Tamen
1437 4534 1648 4589 lucerna
1679 4550 1783 4588 non

1041 4684 1103 4734 de
1133 4680 1262 4750 forte
1289 4679 1408 4732 dici.

1104 4746 1185 4805 Id.
1215 4749 1483 4819 Tanquam
1510 4746 1657 4818 cujus
1690 4761 1788 4801 vox

1035 4829 1378 4894 praecesserat.

1105 4963 1182 5018 Id.
1206 4963 1346 5031 Quas
1363 4960 1594 5031 tenebras
1605 4958 1784 5030 (Cod.,

1036 5036 1174 5092 male
1228 5029 1457 5088 tenebitis
1479 5032 1497 5101 )
1556 5029 1789 5086 Christus

1037 5104 1343 5162 illuminavit
1369 5103 1424 5175 in
1449 5102 1714 5175 apostolis.
1742 5111 1791 5155 et

1039 5193 1128 5243 per
1139 5175 1396 5247 apostolos
1409 5174 1461 5226 in
1480 5169 1642 5247 nobis.
1662 5169 1793 5247 Fui-

1037 5242 1151 5302 mus
1169 5242 1302 5300 enim
1328 5256 1373 5299 et
1397 5260 1490 5298 nos
1516 5242 1792 5313 aliquando

1032 5319 1086 5373 in
1117 5318 1330 5372 obscuro
1372 5315 1504 5368 loco.
1555 5315 1792 5382 Quapro-

211 5403 321 5462 pter
352 5393 700 5449 necessarium
739 5391 936 5446 videtur
964 5399 1010 5444 et
1027 5391 1251 5462 justum,
1282 5396 1336 5442 ut
1367 5385 1643 5462 secundum
1663 5400 1790 5462 apo-_

209 5455 331 5520 itali
371 5462 518 5518 Petri
564 5465 794 5530 dictum,
837 5455 1172 5517 Attendamus
1227 5457 1521 5530 praphetico
1570 5455 1792 5530 sermoni

209 5537 358 5605 quasi
389 5535 610 5590 lucerna:
651 5528 842 5588 lucenti
871 5533 925 5588 in
951 5532 1388 5605 obscuro,_don_ec
1409 5528 1515 5605 dies
1546 5529 1791 5605 elucescat

209 5597 260 5662 et
288 5607 470 5677 lucifer
501 5606 694 5659 oriatur
722 5605 778 5677 in
797 5604 1029 5658 cordibus
1059 5602 1265 5677 nostris.
1299 5599 1502 5654 Deinde
1527 5597 1790 5677 sequitur,

217 5678 354 5739 utin
381 5667 542 5733 codd.
575 5674 958 5742 Benedictinis,
975 5684 1032 5730 et
1059 5675 1304 5745 leguntur
1333 5670 1542 5724 numeri
1568 5667 1603 5719 2
1627 5675 1793 5745 e_t_se-

217 5737 444 5818 quentes
456 5763 624 5818 usque
639 5747 706 5802 ad
719 5745 888 5815 quinti
906 5737 1139 5801 mediani
1149 5751 1377 5818 partem,
1391 5753 1586 5808 nempe
1601 5738 1666 5818 id
1681 5737 1796 5818 haec

212 5808 384 5876 verba
421 5808 806 5888 contempturus
850 5832 964 5871 eras
992 5819 1122 5887 forte
1149 5808 1241 5888 qui
1266 5808 1580 5869 nasceretur.
1607 5808 1797 5865 Postea

575 5973 850 6036 PATIOL.
895 5970 1146 6034 XLVII.

1880 3434 1984 3504 Qui
2007 3440 2286 3500 cum,etc.,
2315 3430 2541 3486 habetur
2565 3470 2581 3497 ,
2604 3425 2786 3482 didicit
2817 3425 3054 3496 legendo,
3095 3425 3316 3494 implevit
3341 3427 3466 3481 dili-

1885 3526 2073 3598 gendo,
2098 3526 2216 3596 quia
2245 3539 2384 3588 cum,
2406 3531 2510 3578 etc.

2336 3613 2568 3674 SERMO
2604 3609 3026 3670 CCCLXXXIX.

1951 3734 2171 3805 Legitur
2199 3734 2252 3788 in
2282 3731 2406 3788 cod.
2437 3731 2644 3786 Cassin.
2673 3744 2873 3786 cum!
2894 3769 2909 3796 ,
2941 3727 3035 3784 fol.
3081 3727 3170 3795 74,
3202 3728 3288 3783 ubi
3318 3745 3371 3784 n.
3404 3729 3467 3797 I,

1881 3827 2072 3883 horum
2090 3825 2374 3880 verborum
2401 3823 2544 3889 loco,
2567 3821 2707 3892 Ergo
2717 3821 2858 3876 solus
2878 3821 3025 3890 panis
3044 3835 3149 3874 non
3177 3830 3287 3891 eget
3304 3837 3469 3892 pane;

1881 3919 2073 3976 melius
2103 3917 2348 3982 habetur,
2379 3913 2516 3969 Deus
2559 3925 2681 3984 ergo
2707 3911 2869 3980 solus,
2900 3912 2988 3983 qui
3016 3919 3090 3966 est
3131 3911 3266 3966 vivus
3295 3913 3466 3982 panis,

1881 4027 1986 4067 "an
2013 4019 2122 4082 ea“
2150 4025 2300 4080 pum
2411 4075 2650 4134 SERMO
2685 4071 2926 4132 cccxcn

1957 4177 2177 4248 Legitur
2206 4177 2260 4231 in
2291 4174 2412 4230 cod.
2446 4172 2654 4228 Cassin.
2689 4187 2766 4236 xi,
2797 4170 2890 4224 fol.
2919 4168 3041 4224 I72.

1955 4270 2094 4326 Edit.
2117 4269 2179 4324 N.
2207 4271 2258 4324 I.
2286 4268 2413 4323 Mox
2430 4267 2564 4320 enim
2586 4276 2640 4319 ut
2781 4260 2914 4318 Cod.
2949 4260 3077 4316 Mox
3105 4262 3268 4328 enim,
3296 4269 3352 4314 ut
3381 4260 3476 4314 ho-

1882 4340 2038 4397 homo
2065 4341 2252 4395 steculo
2281 4338 2528 4393 nascitur.
2711 4350 2795 4387 mo
2815 4333 3092 4388 secundum
3117 4332 3280 4384 Adam
3305 4333 3472 4386 nasci-

2713 4414 2818 4462 tur.

2786 4475 2858 4529 Id.
2889 4473 3096 4529 Veneno
3118 4473 3356 4528 suadenti
3375 4491 3475 4528 ser-

2713 4548 2881 4619 pentis
2897 4548 3116 4619 ,uniinus
3139 4545 3293 4619 bene.

2785 4618 2860 4672 Id.
2893 4615 2942 4668 Ν
2950 4615 3056 4668 ulla
3081 4617 3270 4685 species
3293 4616 3370 4669 vel
3389 4632 3478 4670 cae-

2715 4689 2850 4742 lestis
2870 4687 3121 4752 corporis.

1958 4483 2110 4568 Ibid.’
2173 4481 2432 4536 Venenoso
2494 4481 2642 4534 dente

1885 4566 2156 4623 serpentis.

1891 4700 2160 4754 terrestris.

1885 4801 1887 4804 ι
1965 4769 2098 4824 Ibid.
2136 4767 2332 4822 Nullus
2359 4763 2640 4834 quarumli-
2731 4831 2742 4834 Α
2785 4758 2862 4834 Μ.
2909 4755 3104 4809 Nullus
3141 4755 3481 4834 quarumlibet

1893 4841 1973 4898 bet
1992 4840 2319 4895 chordarum.
2371 4827 2382 4834 ’
2717 4827 2963 4898 faucium,
2978 4827 3314 4893 quarumlibet
3327 4828 3478 4880 chor-

1965 4981 2100 5038 Ibid.
2123 4979 2386 5043 Suavitas,
2402 4975 2532 5030 nulli
2545 4989 2647 5028 am-
2716 4901 3155 5043 άἽὲἶηῖνοινριω
3177 5007 3190 5031 ,
3215 4967 3346 5022 nulli
3364 4983 3478 5020 am-

1895 5055 2098 5127 ntem-
2144 5121 2172 5127 -
2372 5041 2422 5127 ’.
2725 5041 2926 5127 vtae“-

2794 5111 2873 5166 Id.
2930 5110 3252 5164 Conversatio
3299 5109 3441 5164 illius
3459 5149 3477 5173 ,

2724 5199 2815 5238 nec
2869 5181 3077 5235 taedium
3124 5181 3379 5235 convictus
3417 5179 3483 5232 ilo

2725 5254 2848 5310 lius.
2881 5253 2943 5308 Si
2972 5261 3246 5305 amatores.

2403 5365 2632 5426 SERMO
2668 5364 2984 5424 CCCXCVI.

1971 5449 2184 5520 Legitur
2216 5446 2269 5501 in
2301 5442 2421 5497 cod.
2447 5442 2654 5496 Cassin.
2686 5453 2818 5504 xvii,
2852 5436 2947 5492 fol.
2977 5433 3102 5503 205,
3129 5447 3247 5488 cum
3283 5433 3385 5488 hoc
3417 5434 3485 5488 ti-

1897 5545 2007 5603 tulo
2033 5544 2124 5614 qui
2153 5538 2373 5607 deestin
2405 5536 2586 5601 editis,
2603 5532 2676 5587 De
2702 5531 3042 5585 consolatione
3069 5528 3338 5597 cujusdam
3365 5529 3480 5597 epi-

1896 5638 2038 5709 scopi
2067 5637 2135 5688 ad
2167 5630 2361 5704 plebem
2408 5631 2518 5700 ejus
2541 5667 2556 5690 ,
2599 5625 2802 5678 habitus
2841 5637 2909 5676 xv
2951 5620 3190 5675 calendas
3225 5619 3387 5671 maias
3422 5619 3481 5672 in

1901 5729 2113 5786 basilica
2137 5723 2403 5780 Florentia
2427 5719 2568 5790 apud
2594 5716 2890 5786 Hipponem
2922 5713 3244 5782 Diarrytum.
3279 5709 3355 5765 De
3376 5709 3479 5767 Inc

1904 5831 2083 5880 autem
2099 5817 2237 5875 urbe
2256 5824 2313 5871 et
2337 5810 2644 5870 de‘basilica
2658 5804 2924 5864 Florentia
2937 5805 3059 5860 vide
3083 5816 3248 5859 serm.
3269 5816 3483 5873 cccux,

2953 5940 3032 6003 38

1977 5125 2106 5180 Ibid.
2133 5117 2457 5176 Conuersatio
2485 5114 2646 5169 illius.

1909 5197 1971 5255 Si
1999 5203 2274 5250 amatores.
