4018 6494
562 376 702 467 H95

562 619 883 690 marginem.

636 732 776 787 Edit.
807 727 872 786 N.
904 727 956 782 ‘I.
984 728 1086 796 Qui
1101 727 1220 797 fecit
1237 742 1318 780 re-

562 803 688 875 ﬁcit,
717 811 764 875 et
785 812 974 875 recreat
1001 801 1088 869 qui
1110 800 1314 875 creavit.

641 873 772 930 Ibid.
828 870 1109 925 Nobiscum
1159 872 1320 924 virere

563 947 800 1000 uolumus
819 985 832 1006 ,
855 953 903 997 et
935 946 983 997 in
1013 943 1107 995 hac
1145 958 1320 1011 asper-

561 1017 693 1070 rima
719 1016 820 1068 vita
840 1032 872 1068 a
903 1015 1164 1068 comitibus
1221 1013 1315 1066 de-

481 1088 517 1114 "
562 1088 664 1143 seri
697 1087 964 1147 nolumus;
1009 1086 1096 1139 sed
1133 1100 1321 1156 praeve-

561 1159 756 1213 nienles
787 1171 899 1220 nos,
927 1167 1031 1211 etc.

636 1227 771 1283 Ibid.
793 1227 840 1280 Η
848 1235 1078 1282 artantur
1091 1229 1319 1296 exmtplo

562 1315 676 1353 suo.

636 1367 765 1423 ibid.
800 1368 948 1423 Recte
971 1371 1101 1423 enim
1123 1369 1191 1422 ibi
1215 1386 1314 1424 non

560 1456 746 1513 parum
792 1442 1005 1513 vii-itur,
1065 1440 1154 1494 ubi
1201 1457 1316 1513 cum

563 1511 777 1566 multum
807 1511 1013 1575 dicitur,
1055 1528 1157 1564 non
1199 1512 1317 1580 ﬁni-

561 1594 662 1636 tur.
701 1581 836 1634 Nam
860 1582 942 1637 hic
970 1591 1017 1636 et
1038 1583 1312 1652 quod,etc.

634 1724 766 1780 Ibid.
790 1720 896 1776 Pro
919 1723 1079 1777 nihilo
1108 1725 1320 1792 deputa-

561 1795 711 1849 bitur.

593 1797 711 1850 itur.

632 1864 764 1920 Ibid.
797 1865 985 1930 Quanti
1011 1863 1105 1928 alii
1131 1867 1319 1936 fortas-

559 1938 629 1994 se'
648 1935 782 2009 quod
807 1953 910 2009 per
927 1937 1115 1990 multos
1134 1935 1317 1990 annos

559 2007 669 2063 non
689 2007 1043 2060 dimidiarum.

629 2079 695 2132 Ν.
725 2078 780 2132 2.
814 2076 880 2130 In
908 2079 1005 2132 hoc
1042 2080 1178 2133 enim
1217 2077 1316 2131 ha-

560 2150 752 2204 bemus.

635 2220 773 2274 Ibid.
807 2217 914 2274 Sed
935 2220 1191 2285 quomodo
1219 2238 1317 2274 au-

562 2292 779 2346 dicimus
795 2291 1051 2344 lectionem
1076 2293 1316 2346 divinam.

637 2362 768 2416 Ibid.
826 2361 1080 2432 Tentpora
1139 2365 1315 2431 longa.

563 2432 706 2505 Ergo
733 2433 841 2487 illic
867 2445 1090 2503 tempora
1112 2450 1319 2506 compu-

557 2515 720 2630 gemus
748 2547 762 2572 ,
814 2507 945 2559 sicut
993 2515 1318 2575 computatur

595 2593 687 2630 tes.
1225 2611 1230 2616 -

595 2593 666 2630 188
677 2617 687 2631 .
1225 2611 1230 2616 -

629 2647 763 2702 Ibid.
794 2647 875 2701 Ad
903 2647 1230 2703 laudandum
1265 2657 1318 2704 et

560 2719 848 2772 colendum.

635 2789 763 2844 Ibid.
788 2787 1036 2842 Memoria
1057 2790 1220 2860 ipsius
1230 2806 1315 2846 0r—

557 2861 824 2914 natissima
848 2876 931 2914 vos
956 2860 1117 2914 eritis.

629 2931 762 2986 Ibid.
813 2930 955 2984 Vivat
994 2931 1224 2997 sepultus
1259 2933 1314 2986 in

556 3001 678 3056 vivis
729 3003 997 3068 sepulcris.
1033 3001 1311 3075 Sepultum

556 3089 712 3138 enim,
741 3084 847 3128 etc.

1515 400 1870 465 VARIORUM
1907 373 2504 469 oruscuconun's.
2547 410 2915 468 AUGUSTINI

564 545 621 584 η.
651 525 706 588 9.
741 533 794 582 et
821 531 998 580 notam
1029 514 1495 579 Benedictinorum
1547 521 1612 576 ad
1667 522 1907 579 infimum
1945 526 2152 598 pagina:
2177 531 2230 592 Α
2328 525 2460 581 ibid.
2494 523 2597 580 Via:
2643 527 2782 596 loqui
2817 528 3010 583 sinere—

1427 723 1594 808 .‘Cod.
1633 727 1736 796 Qui
1757 729 1915 808 fecit,
1947 739 1996 785 et
2023 733 2150 803 reﬁ-

1394 803 1481 857 cit,
1507 809 1554 852 et
1578 803 1839 854 recreabit.

1463 867 1535 922 Id.
1569 869 1848 926 Nobiscum
1873 873 2032 938 vivere
2050 875 2153 930 vel-

1391 939 1573 1016 lemus,
1599 951 1648 994 at
1671 945 1842 1016 inhac
1869 947 2151 1016 asperrima

1389 1011 1471 1063 via
1494 1028 1526 1064 α
1552 1014 1814 1066 comitibus
1837 1011 2003 1068 deseri
2031 1020 2148 1069 nol-

1392 1080 1586 1164 lemus;
1612 1086 1700 1138 sed
1729 1087 1816 1154 qui
1844 1102 1935 1140 nos
1963 1103 2151 1156 prlece-

1391 1164 1604 1219 mentes,
1636 1168 1739 1210 etc.
1881 1201 1886 1203 .

1464 1223 1541 1278 Id.
1585 1223 1873 1280 Hortamur
1901 1237 1948 1282 et
1977 1244 2148 1283 exent-

1391 1295 1482 1366 plo
1498 1312 1610 1366 suo.

1463 1365 1541 1420 Id.
1597 1365 1700 1421 Ivit
1740 1367 1873 1422 enim
1908 1370 1998 1423 ubi
2046 1385 2151 1424 non

1387 1452 1568 1511 parum
1583 1440 1788 1511 vivitur,
1803 1440 1890 1493 ubi
1910 1443 2047 1511 quod
2067 1441 2148 1495 di-

1389 1507 1524 1560 citur
1566 1509 1780 1563 multum
1807 1552 1821 1575 ,
1854 1507 1957 1564 non
1999 1511 2152 1565 habet

1387 1579 1560 1646 ﬁnem.
1571 1578 1707 1634 Nam
1718 1581 1802 1636 hic
1816 1583 1969 1635 etiam
1989 1583 2143 1653 quod,

1387 1658 1493 1704 etc.

1465 1719 1542 1794 Id.
1574 1719 1681 1776 Pro
1720 1722 1885 1778 nihilo
1932 1741 2145 1794 compu-

1391 1790 1597 1849 labitur.

1463 1862 1539 1918 Id.
1569 1863 1831 1930 Quantum
1850 1865 1943 1920 alii
1970 1870 2149 1936 fortas-

1389 1949 1443 1992 se
1490 1950 1578 2001 per
1621 1936 1806 1990 multos
1836 1953 1997 1990 annos
2047 1955 2150 1995 non

1390 2007 1690 2059 mediarent.

1464 2075 1539 2132 Id.
1572 2075 1686 2133 Nos
1727 2092 1848 2148 ergo
1878 2078 2147 2136 habemus.

1463 2217 1542 2273 Id.
1575 2217 1679 2273 Sed
1710 2218 1833 2287 quid
1860 2220 2150 2276 audivimus

1391 2289 1456 2344 de
1478 2289 1689 2344 lectione
1714 2290 1907 2343 divina.

1463 2360 1540 2417 Id.
1559 2359 1810 2424 Tempora
1828 2361 2002 2432 longa.
2028 2361 2156 2416 Lon-

1388 2447 1456 2502 ga
1495 2448 1613 2503 ergo
1645 2432 1724 2486 illi
1766 2440 1994 2500 tempora
2019 2448 2156 2486 com-

1387 2511 1656 2627 p’ulemus,
1708 2503 1838 2556 sicut
1891 2509 2158 2575 computat

1440 2590 1547 2627 eus.

1440 2590 1547 2628 eus.

1461 2645 1538 2699 Id.
1567 2645 1648 2699 Ad
1688 2644 2052 2713 laudandum,
2085 2645 2155 2700 ad

1387 2716 1707 2786 faciendum.

1457 2785 1535 2841 Id.
1572 2784 1828 2840 Memoria
1872 2786 2036 2855 ipsius
2062 2803 2149 2840 or-

1386 2865 1506 2912 nata
1531 2872 1617 2911 vos
1649 2866 1822 2910 estote.

1458 2928 1534 2982 Id.
1595 2927 1730 2982 Viuit
1775 2929 2005 2999 sepultus
2021 2966 2044 2999 7,
2101 2927 2150 2982 si

1381 3001 1498 3054 vivit
1535 3001 1820 3070 sepultura.
1867 2998 2149 3070 Sepultum

1383 3071 1539 3138 enim,
1573 3078 1683 3126 etc.

2253 615 2389 654 mur.

2323 667 2456 724 Ibid.

2251 739 2411 797 Deus.

2324 813 2458 867 Ibid.
2493 812 2562 868 Ut
2593 817 2751 884 {unus
2778 816 2892 886 ejus
2920 815 3011 866 de-

2253 883 2572 940 duceremus.

2325 955 2454 1009 Ibid.
2491 953 2556 1009 Et
2598 965 2766 1009 noster
2812 955 3015 1009 animus

2251 1027 2304 1079 in
2336 1028 2689 1082 recordatione
2713 1027 2843 1078 tanti
2877 1027 2971 1078 viri
2993 1067 3007 1088 ,

2251 1098 2344 1152 etsi
2372 1098 2521 1152 habet
2568 1100 2851 1151 humanum
2888 1111 3012 1150 mte-

2557 666 2778 724 Donavit
2869 670 3014 724 nobis

2250 1185 2439 1232 rorem,
2455 1185 2558 1222 non
2581 1167 2729 1221 habet
2752 1167 3018 1236 inﬁdelem

2253 1239 2682 1308 desperationem.

3732 411 3753 465 I
3767 405 3850 467 I96

3157 523 3233 582 Id.
3279 517 3387 581 Via:
3429 523 3586 598 loqui
3607 529 3850 596 permitte-

3087 614 3283 652 remur.

3161 669 3235 723 Id.
3267 668 3501 724 Donavit
3517 671 3668 723 nobis
3697 669 3850 724 Domi-

3162 811 3239 866 Id.
3277 809 3347 865 Ut
3374 812 3543 883 funus
3562 813 3683 881 ejus
3714 817 3855 866 comi-

3089 892 3336 938 (utemur.

3159 953 3236 1007 Id.
3271 951 3340 1006 Et
3382 962 3553 1008 vester
3585 956 3785 1008 animus
3812 959 3860 1010 in

3084 1025 3441 1079 recordatione
3470 1026 3613 1078 tanti
3637 1027 3744 1078 ‘ciri
3773 1029 3857 1078 hu-

3085 1095 3199 1149 beat
3222 1093 3517 1149 humanum
3571 1114 3856 1162 insererent,

3086 1169 3177 1220 sed
3214 1182 3319 1219 non
3368 1167 3559 1220 habeat
3609 1167 3858 1236 inﬁdelem

3087 1237 3529 1306 desperationem.

2431 1345 2907 1405 FRAGMENTUM
2946 1347 3033 1401 DE
3071 1345 3325 1401 NA'I‘ALI
3365 1347 3688 1403 CHRISTI.

2324 1439 2542 1510 Legitur
2554 1457 2673 1496 cum
2692 1437 3102 1510 nominesancti
3119 1437 3404 1508 Augustini
3417 1439 3474 1493 in
3493 1439 3627 1493 cod.
3651 1455 3752 1504 xu,
3774 1440 3854 1496 fol.

2251 1511 2342 1578 δη
2376 1509 2593 1578 (ιιιωείνῑ
2629 1512 2756 1566 illud
2785 1509 2926 1578 apud
2967 1509 3178 1564 beatum
3219 1510 3508 1564 doctorem
3547 1523 3654 1564 nec
3678 1513 3856 1565 inveni.

2329 1600 2347 1635 s
2396 1581 2596 1638 Omnes
2637 1582 2963 1648 Scriptum,
2995 1595 3126 1648 quas
3149 1595 3294 1634 nunc
3318 1579 3677 1647 audivimus,
3706 1583 3854 1635 caris-

2251 1653 2403 1718 simi,
2452 1653 2684 1708 laetitiam
2734 1652 2888 1722 nobis
2935 1652 3240 1722 publicam,
3285 1659 3340 1706 et
3386 1666 3696 1704 commune
3743 1668 3854 1722 gan-

2259 1724 2405 1778 dium
2435 1726 2765 1778 nuntiarunt.
2793 1720 3068 1776 Psalmista
3097 1722 3427 1778 enimdicit:
3465 1720 3864 1778 Exsultote‘llee

2250 1796 2484 1867 a_djutori
2529 1807 2702 1867 nostro
2744 1792 2967 1863 (Psalm.
3011 1791 3304 1867 ux_x_,_‘2_).
3347 1794 3665 1867 Apostolus
3692 1810 3848 1848 vero:

2254 1861 2486 1919 Gaudete
2527 1870 2581 1919 in
2619 1861 2839 1919 Domino
2875 1881 3073 1930 semper
3099 1861 3269 1934 (Phil.
3297 1879 3370 1928 tv,
3405 1862 3491 1931 4).
3533 1866 3858 1934 Rusticelius

2179 1905 2234 1970 Β
2255 1905 2538 1991 Ξιῖἱὲἐιῖιζίί
2547 1905 3060 2003 ἓἘῐᾶἱὶξὲὶῖιᾶἵῖῐίῖ
3081 1905 3856 2005 δᾶάᾶίὶὶπὶι’ἶηιὲᾇὲιὲέἇῖιῖέῖἶιῖ

2264 2005 2371 2076 I0).
2399 2008 2445 2063 0
2469 2009 2677 2062 beatam
2704 2009 2847 2076 diem
2880 2006 3019 2060 hanc
3061 2007 3115 2059 iu
3141 2021 3243 2074 qua
3271 2005 3431 2072 iusta
3469 2009 3852 2062 auctoritatem

2259 2075 2648 2148 scripturarum
2697 2075 2992 2148 gaudentes
3034 2085 3091 2132 et
3135 2077 3446 2132 exultantes
3495 2078 3738 2132 natalem
3769 2079 3860 2133 Do-

2261 2149 2390 2202 mini
2423 2151 2588 2202 nostri
2617 2146 2742 2220 lesit
2769 2147 2966 2220 Christi
3011 2157 3067 2202 et
3121 2163 3242 2202 cum
3284 2148 3582 2216 psalmista
3633 2153 3855 2220 agimus,

2260 2228 2313 2290 et
2340 2235 2458 2275 cum
2483 2219 2812 2290 evangelista
2837 2219 3080 2290 colimus,
3111 2227 3163 2272 et
3185 2233 3306 2290 cum
3339 2220 3623 2290 δρομιοιὶξ
3649 2219 3860 2287 prophe-

2261 2287 2435 2357 tisllue
2463 2287 2821 2344 celebiamus.
2855 2289 3100 2359 Magnum
3143 2289 3328 2357 utique
3373 2287 3549 2345 hodie
3576 2288 3854 2346 Christiani

2262 2361 2447 2430 populi
2467 2361 2724 2415 exultatio
2741 2373 2860 2426 tunc
2883 2361 3270 2428 scripturarum
3298 2373 3597 2415 sacrarum
3623 2364 3856 2430 exemplo

2259 2435 2454 2503 agitur,
2483 2445 2535 2486 et
2555 2432 2686 2503 ideo
2711 2433 2921 2503 beatum
2950 2440 3035 2484 est
3062 2431 3161 2503 hoc
3183 2430 3272 2484 die
3299 2433 3574 2503 gaudium
3605 2443 3849 2498 nostrum,

2261 2499 2382 2572 quia
2417 2503 2520 2572 hoc
2546 2499 2673 2556 fecit
2699 2501 2936 2569 gaudens
2970 2501 3219 2570 populus,
3241 2505 3388 2571 quod
3408 2501 3667 2571 iubetur.
3703 2503 3851 2569 Quam

2261 2568 2446 2630 Sancta
2474 2568 2618 2628 Esset
2646 2568 2791 2639 pIebs
2827 2568 3078 2627 Ecclesia:
3107 2568 3298 2633 istius,
3327 2575 3373 2626 si
3402 2568 3635 2639 semper
3664 2568 3763 2629 hoc
3791 2576 3854 2628 la-

2257 2654 2405 2700 ceret
2442 2649 2582 2715 quod
2628 2645 2920 2715 imperatur
2946 2657 2987 2715 _a
3011 2642 3248 2715 Christo.
3279 2642 3446 2715 Unde
3482 2646 3720 2715 obsecro
3743 2662 3850 2712 vos,

2258 2713 2476 2786 fratres,
2509 2725 2563 2769 ut
2583 2728 2798 2786 semper
2821 2713 3118 2786 jussionem
3143 2713 3358 2786 Domini
3395 2713 3645 2780 faciatis,
3677 2725 3734 2771 ut
3753 2732 3850 2785 pos-

2258 2787 2375 2854 sitis
2417 2785 2466 2839 in
2505 2785 2754 2839 omnibus
2785 2785 2836 2838 in
2873 2785 3172 2838 aeternitate
3217 2785 3486 2854 gaudere.
3523 2787 3682 2842 Sicut
3725 2788 3847 2842 enim

2261 2853 2420 2911 hodie
2449 2857 2503 2910 in
2532 2857 2630 2910 hac
2661 2855 2950 2910 festivitate
2981 2855 3171 2909 natalis
3199 2853 3469 2925 dominici
3505 2859 3618 2912 laeti
3654 2873 3845 2925 sanius,

2257 2927 2336 2982 sic
2361 2927 2454 2994 qui
2480 2928 2806 2982 voluntatem
2840 2926 3048 2979 Domini
3081 2927 3162 2980 sui
3193 2922 3395 2983 fecerit
3427 2930 3484 2981 in
3515 2929 3623 2984 hoc
3651 2922 3842 2991 muto,

2254 2997 2482 3125 ῗειὲἕῗι·
2513 2998 2856 3054 festivitatem
2897 2996 3110 3053 Domini
3147 3011 3274 3052 cum
3313 2999 3535 3068 angelis
3581 3001 3844 3056 celebravit

2275 3083 2311 3125 ιι
2447 3083 2499 3125 o.

1237 3240 2256 3354 ENARBATIONES
2318 3245 2453 3352 IN
2509 3233 3154 3352 PSALMOS.

735 3456 1144 3516 ENARI‘A'I'IO
1183 3457 1226 3511 II
1271 3455 1336 3511 IN
1375 3455 1707 3513 PSALMIJM
1744 3453 1961 3512 XXXII.

1137 3565 1308 3606 SBBIO
1346 3563 1555 3606 PRIMUS.

626 3643 845 3715 Legitur
865 3661 895 3700 a
926 3643 1146 3716 n.10a'd
1177 3640 1330 3716 n4?
1357 3657 1544 3700 versus
1564 3643 1744 3716 ﬁnem,
1775 3645 1828 3700 in
1861 3643 1999 3700 Bibl.
2027 3645 2144 3700 Mu-

563 3711 763 3785 geIIan.
795 3718 917 3772 cod.
944 3731 1056 3780 xw,
1081 3715 1174 3770 fol.
1205 3711 1273 3768 85
1298 3712 1348 3768 b.

627 3808 769 3862 Edit.
805 3807 867 3862 N.
890 3822 966 3862 ιι.
1002 3804 1085 3862 Ne
1124 3807 1310 3876 putetis

553 3889 746 3946 autem,
773 3882 980 3949 fratres,
1006 3883 1130 3950 quia
1151 3881 1250 3933 ista
1278 3895 1311 3932 a

554 3965 607 4004 se
630 3960 863 4016 possunt,
899 3958 1005 4004 etc.

652 4022 738 4074 bid
801 4021 1094 4076 Misericors
1127 4031 1202 4076 est
1231 4022 1310 4076 in-

545 4092 743 4162 justis.’
786 4090 1052 4161 Numquid
1095 4102 1144 4147 et
1165 4093 1310 4164 judi-

553 4165 711 4228 cium,
743 4172 847 4217 etc.

606 4233 757 4288 Ibid.
789 4232 956 4303 Beati,
985 4236 1178 4305 inquit,
1211 4239 1307 4291 mi-

551 4306 830 4381 sericordes
846 4347 859 4370 ,
885 4306 1131 4381 quoniam
1164 4309 1306 4381 ipso-

551 4390 666 4428 rum
693 4376 1029 4429 miserebitur.

1454 3806 1588 3863 Cod.
1623 3807 1704 3864 Ne
1736 3810 1918 3877 putetis
1947 3817 2142 3876 autem,

1387 3881 1592 3960 fratres,
1616 3882 1737 3951 quia
1764 3883 1863 3935 ista
1891 3898 1924 3936 a
1950 3896 2004 3934 se
2023 3897 2144 3953 pos-

1383 3959 1506 4017 sint,
1538 3961 1642 4006 etc.

1452 4022 1531 4079 Id.
1567 4021 1863 4077 Misericors
1889 4033 1961 4076 est
1992 4031 2040 4076 et
2056 4024 2142 4091 ju-

1379 4101 1506 4166 stus.
1551 4093 1819 4166 Numquid
1868 4094 2143 4166 autijudi-

1381 4164 1540 4234 cium,
1563 4175 1666 4219 etc.
1689 4164 1819 4220 Vide
1841 4179 1954 4220 var.
1973 4164 2139 4220 Maur.

1456 4235 1533 4291 Id.
1558 4234 1725 4303 Beati,
1751 4234 1931 4304 inquii,
1960 4237 2144 4290 miseri-

1382 4310 1588 4372 cordes,
1639 4308 1876 4379 quoniam
1915 4309 2144 4379 ipsorum

1383 4379 1699 4433 miserebitur
1733 4378 1887 4432 Deus.

771 4486 1170 4544 ENARRATIO
1209 4491 1273 4546 IN
1315 4490 1639 4548 PSALMUM
1683 4489 1924 4545 XXXVI.

1129 4597 1302 4638 SERMO
1340 4598 1548 4638 PRIIUS.

626 4674 882 4746 Legitura
913 4689 966 4746 n7.
985 4674 1010 4728 I
1031 4689 1214 4731 versus
1232 4675 1415 4742 tinem,
1429 4691 1598 4746 usque
1626 4675 1690 4731 ad
1718 4676 1951 4731 medium
1967 4694 2021 4731 n.
2041 4678 2143 4734 Sin

557 4745 698 4818 Bibl.
718 4746 876 4818 μω.
907 4745 1036 4818 plut.
1065 4759 1180 4818 xiii,
1209 4748 1334 4818 cod.
1358 4763 1474 4817 vui,
1497 4745 1554 4805 et
1573 4748 1627 4804 iu
1649 4749 1770 4804 cod.
1791 4748 1977 4805 Venet.
1995 4767 2140 4818 uis,

553 4816 649 4874 fol.
680 4816 781 4872 154
809 4816 870 4880 b,
895 4817 1052 4872 catal.
1084 4814 1180 4873 IoI.
1207 4817 1300 4875 47.

622 4906 763 4962 Edit.
798 4907 862 4961 N.
896 4906 949 4960 2.
985 4905 1068 4962 Ea:
1087 4908 1182 4962 hoc
1210 4925 1306 4977 ap-

550 4989 728 5051 paret,
759 4980 878 5048 quia
905 4978 968 5032 de
1002 4980 1304 5051 quibusdam

549 5049 811 5121 hominum
857 5049 1120 5119 generibus
1141 5094 1153 5108 .
1189 5067 1306 5121 qute

548 5137 647 5192 per
669 5119 1022 5173 similitudines
1045 5122 1097 5175 in
1123 5119 1298 5177 Evan-

548 5191 682 5264 gelio
703 5192 852 5264 modo
875 5193 1135 5259 proposita
1163 5194 1304 5247 audi-

546 5263 710 5316 vimus
735 5301 751 5328 ,
808 5263 880 5314 sic
933 5263 1258 5318 concluditur
1281 5280 1301 5318 :

553 5331 720 5388 Unus.
745 5343 850 5386 etc.

604 5349 720 5396 nus,
745 5348 850 5386 etc.

625 5404 755 5458 Ibid.
812 5402 1188 5470 Professionem
1235 5406 1309 5460 vi~

551 5475 674 5529 dent
732 5475 989 5541 homines,
1036 5493 1123 5530 cor
1174 5478 1312 5531 novit

551 5545 711 5600 Deus.

619 5616 751 5673 Ibid.
785 5618 891 5673 Sed
921 5633 1105 5688 genera
1135 5619 1301 5673 homi-

550 5704 674 5742 num
700 5689 802 5742 duo
823 5687 970 5746 dicit.
992 5688 1059 5742 Et
1096 5692 1167 5756 si,
1191 5698 1295 5746 etc.

626 5758 755 5812 Ibid.
792 5760 882 5814 Sic
908 5760 961 5813 in
990 5760 1136 5827 lecto,
1161 5761 1303 5816 sicin

549 5828 855 5883 malendino.

621 5895 755 5950 Ibid.
789 5897 895 5951 Sed
920 5915 1088 5970 neque
1117 5918 1210 5972 ego
1247 5919 1305 5958 eo

1447 4910 1579 4964 Cod.
1614 4910 1864 4965 Laurent.
1911 4911 1994 4966 Ea:
2037 4912 2130 4966 hoc

1375 4993 1616 5050 apparet,
1645 4982 1764 5050 quia
1809 4983 1873 5035 de
1919 4983 2130 5053 quibus-

1377 5053 1496 5105 dam
1553 5053 1810 5106 hominum
1864 5055 2129 5122 generibus

1371 5122 1759 5178 similitudinem
1781 5125 1835 5177 in
1855 5123 2128 5195 Evangelia

1372 5195 1523 5248 modo
1569 5195 1878 5266 prapositam
1930 5198 2130 5250 audivi-

1375 5282 1508 5331 mus,
1530 5282 1644 5336 qua:
1654 5266 1938 5319 concludit:
1961 5266 2125 5332 Unus,

1379 5346 1482 5392 etc.

2168 3458 2218 3522 ο
2247 3455 2383 3524 quod
2408 3457 2589 3512 dixero
2620 3454 2892 3523 praescribo
2930 3455 3012 3510 al—
3085 3455 3288 3521 dixero,
3315 3453 3604 3524 prescribo
3627 3465 3843 3521 πικτίσά

2251 3529 2346 3582 teri
2391 3527 2461 3580 ad
2511 3528 2769 3582 meliorem
2817 3527 3010 3582 intelle-
3084 3526 3349 3581 meliorem
3383 3530 3732 3596 intellectam.
3762 3555 3839 3592 nec

2245 3608 2384 3652 ctum
2411 3639 2426 3663 ,
2478 3614 2570 3654 nec
2623 3598 2713 3677 ille
2757 3597 2880 3677 mihi
2937 3597 3008 3677 ad
3080 3597 3340 3677 illemihi,
3362 3613 3456 3656 aut
3485 3613 3752 3677 utramque
3768 3625 3840 3662 σε.

2245 3679 2520 3738 utrumque
2551 3667 2933 3746 accipiendum,
2959 3667 3008 3723 si
3079 3669 3382 3746 cipiettdum
3409 3713 3425 3738 ,
3457 3677 3534 3729 .si
3591 3667 3837 3746 utrunque

2245 3748 2518 3862 ιιιηᾶηιᾳιω
2569 3756 2683 3794 cum
2731 3740 2832 3808 ﬁde
2879 3755 3003 3795 con-
3079 3739 3194 3796 cum
3215 3739 3323 3811 ﬁde
3341 3749 3649 3804 concordat.

2245 3827 2336 3862 εον
2371 3821 2443 3862 at.

2245 3827 2272 3862 c
2279 3821 2423 3865 ordat
2432 3852 2443 3863 .

2327 3882 2458 3937 Ibid.
2498 3881 2686 3949 Credo,
2718 3884 2855 3953 quod
2897 3881 3004 3938 haec

2245 3953 2413 4021 ﬁgura
2435 3953 2501 4006 ad
2533 3953 2699 4022 plebes
2723 3967 2968 4023 pertineat
2985 3973 3004 4011 :

2243 4027 2363 4098 quia
2387 4026 2648 4095 prcepOsiti
2669 4037 2871 4098 regunt,
2905 4031 3003 4098 ple.

2253 4095 2333 4149 bss
2362 4093 2626 4166 reguntur.
2659 4093 3004 4152 Et‘molendi-

3151 3885 3229 3941 Id.
3255 3887 3428 3943 Credo
3445 3892 3607 3961 quod
3631 3893 3738 3946 hee
3774 3893 3838 3961 ﬁ-

3076 3973 3208 4028 gura
3243 3962 3311 4012 ad
3342 3960 3552 4042 plebes.

3075 4045 3186 4175 ῗζίῗ
3220 4047 3291 4156 ἓ.
3320 4045 3843 4175 ἔωθε.ῗᾶθῶ

2245 4182 2367 4219 num
2393 4177 2511 4234 puto
2531 4169 2719 4220 dictum
2735 4169 3003 4223 mundum.

2318 4237 2455 4310 Ibid.
2487 4237 2624 4294 Sunt
2658 4254 2776 4310 ergo
2816 4242 2904 4310 qui
2943 4245 3006 4294 de

2243 4308 2551 4374 actionibus,
2579 4319 2681 4364 etc.

2316 4378 2448 4435 Ibid.
2509 4380 2706 4444 Quibus
2751 4381 2938 4436 dicitur
2981 4399 3004 4439 .'

2246 4449 2548 4506 Esurivi....
2588 4453 2769 4521 quibus
2811 4454 3002 4507 dicitur

2243 4521 2313 4576 ibi
2335 4537 2354 4575 :
2385 4521 2610 4576 Esurivi.

2315 4590 2462 4673 N._5.
2494 4590 2613 4662 Ipse
2642 4593 2732 4647 tibi
2761 4597 2914 4662 hanc,
2939 4599 3001 4653 de

2244 4680 2344 4733 quo
2386 4676 2483 4717 ιεια
2514 4681 2822 4732 nturmuras,
2871 4680 2998 4722 tem-

2246 4738 2430 4803 peravit
2462 4738 2718 4806 potionem
2749 4753 2768 4792 :
2797 4745 2998 4794 tantum

2247 4821 2309 4858 ne
2341 4821 2556 4872 recuses,
2591 4816 2694 4862 etC.

2316 4876 2447 4930 Ibid.
2480 4875 2607 4930 Noli
2635 4878 2890 4936 inmolari.

2309 4947 2443 5000 Ibid.
2491 4945 2755 5018 Tanquam
2802 4953 2995 5022 frenum

2237 5020 2333 5070 cito
2359 5029 2606 5072 arescent.

3076 4169 3180 4225 dici
3209 4171 3486 4236 mundum,
3520 4189 3626 4228 etc.

3150 4242 3229 4297 Id.
3258 4242 3396 4315 sunt
3421 4260 3547 4315 ergo
3578 4249 3632 4299 in
3664 4249 3841 4301 molen-

3077 4311 3220 4379 dino,
3245 4314 3333 4382 qui
3343 4311 3841 4380 deaciionibusuatc.

3146 4384 3224 4438 Id.
3243 4383 3441 4451 Quibus
3457 4388 3661 4441 dicetur
3674 4405 3694 4442 :
3711 4387 3842 4443 Esu-

3071 4455 3257 4510 rivi....
3316 4455 3517 4521 Quibus
3576 4460 3776 4514 dicetur
3822 4477 3840 4514 :

3069 4525 3300 4582 Esuriui.
3338 4526 3474 4584 Vide
3514 4545 3634 4582 var.
3669 4533 3836 4585 Maur.

3145 4598 3221 4653 Id.
3253 4595 3375 4668 Ipse
3398 4599 3492 4652 tibi
3509 4599 3632 4666 hoc,
3660 4603 3724 4653 de
3742 4619 3839 4670 quo

3071 4685 3386 4736 murmuras,
3413 4676 3739 4742 temperauit,
3764 4685 3841 4727 ta~

3068 4755 3190 4796 men
3208 4756 3273 4794 ne
3295 4756 3529 4810 recuses,
3549 4753 3660 4798 etc.

3141 4881 3221 4938 Id.
3256 4881 3385 4937 Noli
3405 4883 3757 4940 submulori.

3139 4953 3216 5008 Id.
3243 4952 3521 5020 Tanquam
3543 4956 3732 5026 {rem
3752 4975 3837 5013 re-

3067 5023 3246 5080 lociter
3274 5035 3531 5080 arescent.

2543 5111 2940 5171 ILNARIIA'I‘IO
2980 5116 3045 5172 IN
3086 5116 3408 5174 PSALHUM
3444 5117 3512 5173 L.

2314 5202 2606 5277 Legiturkin
2637 5203 2772 5259 Bibi.
2794 5206 3004 5277 Mugcll.
3035 5208 3160 5265 cod.
3192 5223 3264 5274 χι,
3289 5208 3381 5264 foI’.
3411 5208 3508 5276 ω,
3534 5220 3592 5269 et
3613 5213 3672 5268 in
3695 5213 3826 5272 Bibl.

2229 5270 2418 5327 'lt‘esul'.
2451 5270 2571 5328 cod.
2620 5291 2690 5341 xi,
2726 5277 2817 5329 fol.
2852 5270 2976 5336 210.

2314 5343 2457 5398 Edit.
2505 5343 2568 5399 Ν.
2608 5347 2657 5398 l.
2697 5345 2995 5402 Multitudi-

3138 5349 3311 5424 Qodd.
3376 5352 3543 5412 ambo
3609 5369 3765 5424 prun
3793 5371 3834 5410 :s

1454 5407 1530 5488 Id.
1565 5400 1953 5488 Professionem
1969 5411 2138 5488 vident
2241 5415 2337 5488 nis,
2369 5424 2499 5482 etc.,
2527 5431 2694 5484 usque
2720 5418 2787 5471 ad
2811 5400 2992 5488 linem,
3068 5400 3344 5487 differunt,
3378 5400 3837 5480 EE'Ete'i'.$§.¢.;i

1384 5480 1634 5545 homines,
1664 5494 1754 5532 cor
1782 5495 1882 5532 non
1905 5480 2093 5534 vident.

2238 5486 2333 5541 iste
2367 5489 2598 5556 psalmus
2628 5491 2868 5544 ostendit.

3064 5490 3366 5563 exordium,
3424 5494 3570 5563 quod
3620 5489 3674 5549 in
3715 5498 3835 5562 qni-

3065 5562 3290 5616 busdam
3313 5562 3582 5619 accedunt
3595 5567 3661 5620 ad
3687 5568 3831 5622 edit:

1444 5619 1519 5675 Id.
1536 5620 1844 5706 Sed'genera
1863 5621 2131 5675 hominum
2237 5627 2352 5680 etin
2386 5628 2625 5706 pluribus
2652 5631 2938 5706 abiisdcm
2950 5633 3208 5706 recedunt
3230 5651 3242 5686 :
3266 5619 3710 5706 Quotiescunque,
3721 5619 3830 5706 ira;

1609 5700 1677 5775 si,
1706 5703 1805 5777 etc;
1863 5771 1874 5777 _
2003 5764 2015 5775 _
2091 5763 2108 5777 .
2241 5706 2344 5777 tres
2368 5700 2639 5777 cai'issimi,
2672 5703 2870 5773 aliquos
2898 5717 2960 5777 ea:
2985 5705 3108 5777 ﬁliis
3137 5705 3316 5759 vestris
3345 5709 3416 5756 ad
3434 5700 3731 5777 spectacula
3751 5709 3826 5760 vd

1446 5763 1518 5848 Id.
1557 5763 1648 5848 Sic
1689 5764 1752 5818 de
1779 5762 1908 5817 lecto
1927 5803 1940 5827 ,
1970 5764 2041 5818 sic
2071 5763 2133 5818 de
2241 5770 2562 5848 [nriosa,lvel
2591 5762 2823 5840 crueuia,
2856 5773 2931 5846 vel
2958 5762 3158 5848 turpia,
3185 5777 3331 5844 quasi
3358 5779 3431 5828 ad
3457 5762 3674 5848 'atiquod
3701 5793 3830 5846 opus

2240 5839 2426 5917 bonum
2443 5841 2658 5917 currere
2691 5839 2819 5898 rana
2848 5839 3179 5913 persuasione
3197 5839 3254 5900 et
3273 5848 3520 5917 pestifero
3546 5839 3828 5901 hum.-

1449 5904 1524 5958 Id.
1571 5904 1676 5960 Sed
1721 5921 1810 5959 nec
1852 5923 1943 5978 ego
1991 5907 2129 5978 quod
2238 5911 2512 5981 gnoscitis,
2553 5928 2639 5969 vos
2666 5918 2755 5984 qui
2785 5904 2902 5988 ja'm
2951 5917 3060 5973 Deo
3107 5904 3325 5988 propitio
3367 5904 3468 5971 ista
3510 5936 3612 5972 non
3659 5920 3830 5973 solum

1373 5690 1496 5745 duo.
1527 5689 1592 5745 Et
1615 5689 1677 5756 si,
1706 5703 1805 5746 etc.

1375 5833 1687 5888 molendino.
