  <div class='ocr_page' id='page_1' title='image "/cluster/home/n/w/nwhite01/storage/ocr_20150623/46-47/uva.x000217728/1102.png"; bbox 0 0 4018 6476; ppageno 0'>
   <div class='ocr_carea' id='block_1_1' title="bbox 148 436 1847 551">
    <p class='ocr_par' dir='ltr' id='par_1_1' title="bbox 148 436 1823 551">
     <span class='ocr_line' id='line_1_1' title="bbox 148 436 1823 551; baseline -0.005 -47"><span class='ocrx_word' id='word_1_1' title='bbox 148 514 166 551; x_wconf 35' lang='grc' dir='ltr'><em>ὶ</em></span> <span class='ocrx_word' id='word_1_2' title='bbox 225 443 258 504; x_wconf 71' lang='grc' dir='ltr'><strong><em>ι</em></strong></span> <span class='ocrx_word' id='word_1_3' title='bbox 273 439 367 504; x_wconf 83' lang='lat' dir='ltr'><strong><em>I97</em></strong></span> <span class='ocrx_word' id='word_1_4' title='bbox 1207 436 1210 437; x_wconf 47' lang='grc'><strong><em>⁷</em></strong></span> <span class='ocrx_word' id='word_1_5' title='bbox 1442 436 1823 496; x_wconf 77' lang='lat' dir='ltr'><strong><em>LECTIONES</em></strong></span> 
     </span>
    </p>
   </div>
   <div class='ocr_carea' id='block_1_2' title="bbox 1927 436 3500 551">
    <p class='ocr_par' dir='ltr' id='par_1_2' title="bbox 1927 436 3500 507">
     <span class='ocr_line' id='line_1_2' title="bbox 1927 436 3500 507; baseline 0.006 -12"><span class='ocrx_word' id='word_1_6' title='bbox 1927 436 2275 496; x_wconf 68' lang='lat' dir='ltr'><strong><em>IRIANTES.</em></strong></span> <span class='ocrx_word' id='word_1_7' title='bbox 3362 444 3500 507; x_wconf 78' lang='grc'><strong><em>1198</em></strong></span> 
     </span>
    </p>
   </div>
   <div class='ocr_carea' id='block_1_3' title="bbox 225 551 3504 631">
    <p class='ocr_par' dir='ltr' id='par_1_3' title="bbox 225 551 3504 631">
     <span class='ocr_line' id='line_1_3' title="bbox 225 551 3504 631; baseline 0.001 -17"><span class='ocrx_word' id='word_1_8' title='bbox 225 556 501 615; x_wconf 85' lang='lat' dir='ltr'><strong><em>luxuriosa</em></strong></span> <span class='ocrx_word' id='word_1_9' title='bbox 529 551 617 611; x_wconf 84' lang='lat' dir='ltr'><strong><em>sed</em></strong></span> <span class='ocrx_word' id='word_1_10' title='bbox 645 554 796 631; x_wconf 84' lang='lat' dir='ltr'><strong><em>etiam</em></strong></span> <span class='ocrx_word' id='word_1_11' title='bbox 837 555 1070 631; x_wconf 82' lang='lat' dir='ltr'><strong><em>crudelia</em></strong></span> <span class='ocrx_word' id='word_1_12' title='bbox 1110 554 1478 631; x_wconf 67' lang='lat' dir='ltr'><strong><em>oblectamenta</em></strong></span> <span class='ocrx_word' id='word_1_13' title='bbox 1527 557 1806 626; x_wconf 75' lang='lat' dir='ltr'><strong><em>despicitis,</em></strong></span> <span class='ocrx_word' id='word_1_14' title='bbox 1839 559 1890 619; x_wconf 77' lang='grc' dir='ltr'><strong>Α</strong></span> <span class='ocrx_word' id='word_1_15' title='bbox 1917 557 2048 631; x_wconf 59' lang='lat' dir='ltr'><strong><em>tier.</em></strong></span> <span class='ocrx_word' id='word_1_16' title='bbox 2061 555 2121 611; x_wconf 90' lang='lat' dir='ltr'><strong><em>Si</em></strong></span> <span class='ocrx_word' id='word_1_17' title='bbox 2144 558 2275 610; x_wconf 89' lang='lat' dir='ltr'><strong><em>enim</em></strong></span> <span class='ocrx_word' id='word_1_18' title='bbox 2296 554 2415 631; x_wconf 80' lang='lat' dir='ltr'><strong><em>illos</em></strong></span> <span class='ocrx_word' id='word_1_19' title='bbox 2437 563 2542 631; x_wconf 82' lang='lat' dir='ltr'><strong><em>tam</em></strong></span> <span class='ocrx_word' id='word_1_20' title='bbox 2565 566 2770 631; x_wconf 71' lang='lat' dir='ltr'><strong><em>sanctos</em></strong></span> <span class='ocrx_word' id='word_1_21' title='bbox 2789 555 3148 631; x_wconf 86' lang='lat' dir='ltr'><strong><em>viroslncauta</em></strong></span> <span class='ocrx_word' id='word_1_22' title='bbox 3169 560 3504 631; x_wconf 69' lang='lat' dir='ltr'><strong><em>familiaritas</em></strong></span> 
     </span>
    </p>
   </div>
   <div class='ocr_carea' id='block_1_4' title="bbox 151 621 3508 704">
    <p class='ocr_par' dir='ltr' id='par_1_4' title="bbox 151 621 3508 704">
     <span class='ocr_line' id='line_1_4' title="bbox 151 621 3508 704; baseline 0.002 -21"><span class='ocrx_word' id='word_1_23' title='bbox 151 621 166 704; x_wconf 64' lang='grc' dir='ltr'><strong><em>ζ</em></strong></span> <span class='ocrx_word' id='word_1_24' title='bbox 224 632 483 704; x_wconf 82' lang='lat' dir='ltr'><strong><em>castigare</em></strong></span> <span class='ocrx_word' id='word_1_25' title='bbox 506 644 590 704; x_wconf 82' lang='lat' dir='ltr'><strong><em>eos</em></strong></span> <span class='ocrx_word' id='word_1_26' title='bbox 619 637 680 704; x_wconf 75' lang='lat' dir='ltr'><strong><em>et</em></strong></span> <span class='ocrx_word' id='word_1_27' title='bbox 693 628 1043 704; x_wconf 75' lang='lat' dir='ltr'><strong><em>abundantius</em></strong></span> <span class='ocrx_word' id='word_1_28' title='bbox 1060 643 1152 704; x_wconf 77' lang='lat' dir='ltr'><strong><em>pro</em></strong></span> <span class='ocrx_word' id='word_1_29' title='bbox 1177 627 1247 704; x_wconf 75' lang='lat' dir='ltr'><strong><em>eis</em></strong></span> <span class='ocrx_word' id='word_1_30' title='bbox 1278 626 1500 704; x_wconf 80' lang='lat' dir='ltr'><strong><em>Domino</em></strong></span> <span class='ocrx_word' id='word_1_31' title='bbox 1521 621 1814 700; x_wconf 79' lang='lat' dir='ltr'><strong><em>supplicare</em></strong></span> <span class='ocrx_word' id='word_1_32' title='bbox 1919 628 2199 704; x_wconf 81' lang='lat' dir='ltr'><strong><em>mulierum</em></strong></span> <span class='ocrx_word' id='word_1_33' title='bbox 2209 637 2254 704; x_wconf 83' lang='lat' dir='ltr'><strong><em>_e_t</em></strong></span> <span class='ocrx_word' id='word_1_34' title='bbox 2271 627 2556 704; x_wconf 76' lang='lat' dir='ltr'><strong><em>perniciosa</em></strong></span> <span class='ocrx_word' id='word_1_35' title='bbox 2579 626 2926 704; x_wconf 79' lang='lat' dir='ltr'><strong><em>blandimenta</em></strong></span> <span class='ocrx_word' id='word_1_36' title='bbox 2945 621 3192 704; x_wconf 62' lang='lat' dir='ltr'><strong><em>vicerunt,</em></strong></span> <span class='ocrx_word' id='word_1_37' title='bbox 3228 633 3356 704; x_wconf 85' lang='lat' dir='ltr'><strong><em>quid</em></strong></span> <span class='ocrx_word' id='word_1_38' title='bbox 3375 636 3440 691; x_wconf 87' lang='lat' dir='ltr'><strong><em>de</em></strong></span> <span class='ocrx_word' id='word_1_39' title='bbox 3455 651 3508 688; x_wconf 89' lang='lat' dir='ltr'><strong><em>se</em></strong></span> 
     </span>
    </p>
   </div>
   <div class='ocr_carea' id='block_1_5' title="bbox 150 689 3510 771">
    <p class='ocr_par' dir='ltr' id='par_1_5' title="bbox 150 689 3510 771">
     <span class='ocr_line' id='line_1_5' title="bbox 150 689 3510 771; baseline 0.001 -15"><span class='ocrx_word' id='word_1_40' title='bbox 150 689 160 771; x_wconf 64' lang='grc' dir='ltr'><em>ξ</em></span> <span class='ocrx_word' id='word_1_41' title='bbox 226 689 440 764; x_wconf 73' lang='grc' dir='ltr'><strong><em>άεὸεἷίε,</em></strong></span> <span class='ocrx_word' id='word_1_42' title='bbox 475 701 594 768; x_wconf 88' lang='lat' dir='ltr'><strong><em>quia</em></strong></span> <span class='ocrx_word' id='word_1_43' title='bbox 622 698 739 753; x_wconf 86' lang='lat' dir='ltr'><strong><em>illos</em></strong></span> <span class='ocrx_word' id='word_1_44' title='bbox 766 689 1071 771; x_wconf 54' lang='lat' dir='ltr'><strong><em>cognoscitis&#39;</em></strong></span> <span class='ocrx_word' id='word_1_45' title='bbox 1111 699 1186 752; x_wconf 86' lang='lat' dir='ltr'><strong><em>ire</em></strong></span> <span class='ocrx_word' id='word_1_46' title='bbox 1211 699 1264 771; x_wconf 84' lang='lat' dir='ltr'><strong><em>in</em></strong></span> <span class='ocrx_word' id='word_1_47' title='bbox 1303 689 1649 753; x_wconf 58' lang='lat' dir='ltr'><strong><em>vanitatem&#39;e&#39;t</em></strong></span> <span class='ocrx_word' id='word_1_48' title='bbox 1675 704 1814 771; x_wconf 44' lang='lat' dir='ltr'><strong><em>insae</em></strong></span> <span class='ocrx_word' id='word_1_49' title='bbox 1919 699 2143 768; x_wconf 86' lang='lat' dir='ltr'><strong><em>cogitant</em></strong></span> <span class='ocrx_word' id='word_1_50' title='bbox 2165 698 2242 752; x_wconf 89' lang='lat' dir='ltr'><strong><em>illi</em></strong></span> <span class='ocrx_word' id='word_1_51' title='bbox 2253 689 2342 770; x_wconf 75' lang='lat' dir='ltr'><strong><em>qui</em></strong></span> <span class='ocrx_word' id='word_1_52' title='bbox 2361 714 2474 752; x_wconf 91' lang='lat' dir='ltr'><strong><em>cum</em></strong></span> <span class='ocrx_word' id='word_1_53' title='bbox 2494 701 2748 771; x_wconf 75' lang='lat' dir='ltr'><strong><em>extraneis</em></strong></span> <span class='ocrx_word' id='word_1_54' title='bbox 2769 699 3063 755; x_wconf 74' lang='lat' dir='ltr'><strong><em>mulieribus</em></strong></span> <span class='ocrx_word' id='word_1_55' title='bbox 3083 689 3191 756; x_wconf 74' lang='lat' dir='ltr'><strong><em>non</em></strong></span> <span class='ocrx_word' id='word_1_56' title='bbox 3209 689 3371 758; x_wconf 71' lang='lat' dir='ltr'><strong><em>sblum</em></strong></span> <span class='ocrx_word' id='word_1_57' title='bbox 3394 689 3510 761; x_wconf 73' lang='lat' dir='ltr'><strong><em>con-</em></strong></span> 
     </span>
    </p>
   </div>
   <div class='ocr_carea' id='block_1_6' title="bbox 152 769 3510 840">
    <p class='ocr_par' dir='ltr' id='par_1_6' title="bbox 152 769 3510 840">
     <span class='ocr_line' id='line_1_6' title="bbox 152 769 3510 840; baseline 0.002 -14"><span class='ocrx_word' id='word_1_58' title='bbox 152 769 163 834; x_wconf 47' lang='grc' dir='ltr'><strong><em>ῖ,</em></strong></span> <span class='ocrx_word' id='word_1_59' title='bbox 231 774 347 826; x_wconf 88' lang='lat' dir='ltr'><strong><em>nias</em></strong></span> <span class='ocrx_word' id='word_1_60' title='bbox 377 772 663 835; x_wconf 74' lang='lat' dir='ltr'><strong><em>mendaces,</em></strong></span> <span class='ocrx_word' id='word_1_61' title='bbox 707 781 752 822; x_wconf 89' lang='lat' dir='ltr'><strong><em>et</em></strong></span> <span class='ocrx_word' id='word_1_62' title='bbox 794 769 1048 840; x_wconf 81' lang='lat' dir='ltr'><strong><em>negligere</em></strong></span> <span class='ocrx_word' id='word_1_63' title='bbox 1092 769 1227 840; x_wconf 91' lang='lat' dir='ltr'><strong><em>quod</em></strong></span> <span class='ocrx_word' id='word_1_64' title='bbox 1267 771 1431 823; x_wconf 85' lang='lat' dir='ltr'><strong><em>vocati</em></strong></span> <span class='ocrx_word' id='word_1_65' title='bbox 1473 780 1609 826; x_wconf 85' lang='lat' dir='ltr'><strong><em>sunt.</em></strong></span> <span class='ocrx_word' id='word_1_66' title='bbox 1646 771 1748 838; x_wconf 85' lang='lat' dir='ltr'><strong><em>Qui</em></strong></span> <span class='ocrx_word' id='word_1_67' title='bbox 1773 770 1818 824; x_wconf 85' lang='lat' dir='ltr'><strong><em>si</em></strong></span> <span class='ocrx_word' id='word_1_68' title='bbox 1919 774 2132 833; x_wconf 87' lang='lat' dir='ltr'><strong><em>versari,</em></strong></span> <span class='ocrx_word' id='word_1_69' title='bbox 2164 770 2252 824; x_wconf 90' lang='lat' dir='ltr'><strong><em>sed</em></strong></span> <span class='ocrx_word' id='word_1_70' title='bbox 2268 769 2427 824; x_wconf 85' lang='lat' dir='ltr'><strong><em>etiam</em></strong></span> <span class='ocrx_word' id='word_1_71' title='bbox 2448 771 2500 823; x_wconf 90' lang='lat' dir='ltr'><strong><em>in</em></strong></span> <span class='ocrx_word' id='word_1_72' title='bbox 2526 786 2630 824; x_wconf 91' lang='lat' dir='ltr'><strong><em>una</em></strong></span> <span class='ocrx_word' id='word_1_73' title='bbox 2655 770 2804 824; x_wconf 91' lang='lat' dir='ltr'><strong><em>domo</em></strong></span> <span class='ocrx_word' id='word_1_74' title='bbox 2827 787 3049 837; x_wconf 89' lang='lat' dir='ltr'><strong><em>manere,</em></strong></span> <span class='ocrx_word' id='word_1_75' title='bbox 3075 775 3299 827; x_wconf 87' lang='lat' dir='ltr'><strong><em>convivio</em></strong></span> <span class='ocrx_word' id='word_1_76' title='bbox 3330 792 3510 831; x_wconf 85' lang='lat' dir='ltr'><strong><em>eorum</em></strong></span> 
     </span>
    </p>
   </div>
   <div class='ocr_carea' id='block_1_7' title="bbox 152 841 1814 912">
    <p class='ocr_par' dir='ltr' id='par_1_7' title="bbox 152 841 1814 912">
     <span class='ocr_line' id='line_1_7' title="bbox 152 841 1814 912; baseline -0.001 -16"><span class='ocrx_word' id='word_1_77' title='bbox 152 846 162 863; x_wconf 83' lang='lat'>&quot;</span> <span class='ocrx_word' id='word_1_78' title='bbox 231 844 366 912; x_wconf 88' lang='lat' dir='ltr'><strong><em>forte</em></strong></span> <span class='ocrx_word' id='word_1_79' title='bbox 391 843 445 896; x_wconf 92' lang='lat' dir='ltr'><strong><em>in</em></strong></span> <span class='ocrx_word' id='word_1_80' title='bbox 471 841 582 912; x_wconf 90' lang='lat' dir='ltr'><strong><em>ipso</em></strong></span> <span class='ocrx_word' id='word_1_81' title='bbox 611 843 746 894; x_wconf 87' lang='lat' dir='ltr'><strong><em>circo</em></strong></span> <span class='ocrx_word' id='word_1_82' title='bbox 771 842 950 911; x_wconf 86' lang='lat' dir='ltr'><strong><em>aliqua</em></strong></span> <span class='ocrx_word' id='word_1_83' title='bbox 970 856 1032 894; x_wconf 82' lang='lat' dir='ltr'><strong><em>ex</em></strong></span> <span class='ocrx_word' id='word_1_84' title='bbox 1060 855 1218 894; x_wconf 89' lang='lat' dir='ltr'><strong><em>causa</em></strong></span> <span class='ocrx_word' id='word_1_85' title='bbox 1240 851 1592 908; x_wconf 69' lang='lat' dir='ltr'><strong><em>expavescunt,</em></strong></span> <span class='ocrx_word' id='word_1_86' title='bbox 1623 851 1669 894; x_wconf 89' lang='lat' dir='ltr'><strong><em>et</em></strong></span> <span class='ocrx_word' id='word_1_87' title='bbox 1690 858 1814 896; x_wconf 88' lang='lat' dir='ltr'><strong><em>con-</em></strong></span> 
     </span>
    </p>
   </div>
   <div class='ocr_carea' id='block_1_8' title="bbox 231 912 1817 984">
    <p class='ocr_par' dir='ltr' id='par_1_8' title="bbox 231 912 1817 984">
     <span class='ocr_line' id='line_1_8' title="bbox 231 912 1817 984; baseline -0.002 -17"><span class='ocrx_word' id='word_1_88' title='bbox 231 916 376 968; x_wconf 87' lang='lat' dir='ltr'><strong><em>tinuo</em></strong></span> <span class='ocrx_word' id='word_1_89' title='bbox 405 929 459 967; x_wconf 90' lang='lat' dir='ltr'><strong><em>se</em></strong></span> <span class='ocrx_word' id='word_1_90' title='bbox 483 915 712 984; x_wconf 84' lang='lat' dir='ltr'><strong><em>signant,</em></strong></span> <span class='ocrx_word' id='word_1_91' title='bbox 744 923 787 964; x_wconf 84' lang='lat' dir='ltr'><strong><em>et</em></strong></span> <span class='ocrx_word' id='word_1_92' title='bbox 818 922 950 984; x_wconf 77' lang='lat' dir='ltr'><strong><em>stant</em></strong></span> <span class='ocrx_word' id='word_1_93' title='bbox 977 912 1086 984; x_wconf 89' lang='lat' dir='ltr'><strong><em>illic</em></strong></span> <span class='ocrx_word' id='word_1_94' title='bbox 1114 915 1457 984; x_wconf 70' lang='lat' dir='ltr'><strong><em>portantesjn</em></strong></span> <span class='ocrx_word' id='word_1_95' title='bbox 1488 912 1654 984; x_wconf 88' lang='lat' dir='ltr'><strong><em>fronte</em></strong></span> <span class='ocrx_word' id='word_1_96' title='bbox 1680 912 1817 966; x_wconf 88' lang='lat' dir='ltr'><strong><em>unde</em></strong></span> 
     </span>
    </p>
   </div>
   <div class='ocr_carea' id='block_1_9' title="bbox 230 981 1818 1054">
    <p class='ocr_par' dir='ltr' id='par_1_9' title="bbox 230 981 1818 1054">
     <span class='ocr_line' id='line_1_9' title="bbox 230 981 1818 1054; baseline 0 -17"><span class='ocrx_word' id='word_1_97' title='bbox 230 981 577 1050; x_wconf 71' lang='lat' dir='ltr'><strong><em>abscederent,</em></strong></span> <span class='ocrx_word' id='word_1_98' title='bbox 611 983 654 1036; x_wconf 89' lang='lat' dir='ltr'><strong><em>si</em></strong></span> <span class='ocrx_word' id='word_1_99' title='bbox 689 981 784 1036; x_wconf 87' lang='lat' dir='ltr'><strong><em>hoc</em></strong></span> <span class='ocrx_word' id='word_1_100' title='bbox 810 983 862 1035; x_wconf 88' lang='lat' dir='ltr'><strong><em>in</em></strong></span> <span class='ocrx_word' id='word_1_101' title='bbox 891 983 1044 1036; x_wconf 90' lang='lat' dir='ltr'><strong><em>corde</em></strong></span> <span class='ocrx_word' id='word_1_102' title='bbox 1065 990 1344 1054; x_wconf 91' lang='lat' dir='ltr'><strong><em>portarent.</em></strong></span> <span class='ocrx_word' id='word_1_103' title='bbox 1369 981 1548 1037; x_wconf 81' lang='lat' dir='ltr'><strong><em>Omnis</em></strong></span> <span class='ocrx_word' id='word_1_104' title='bbox 1577 985 1708 1037; x_wconf 89' lang='lat' dir='ltr'><strong><em>enim</em></strong></span> <span class='ocrx_word' id='word_1_105' title='bbox 1730 985 1818 1053; x_wconf 87' lang='lat' dir='ltr'><strong><em>qui</em></strong></span> 
     </span>
    </p>
   </div>
   <div class='ocr_carea' id='block_1_10' title="bbox 232 1053 1818 1178">
    <p class='ocr_par' dir='ltr' id='par_1_10' title="bbox 232 1053 1818 1178">
     <span class='ocr_line' id='line_1_10' title="bbox 232 1053 1818 1178; baseline 0 -70"><span class='ocrx_word' id='word_1_106' title='bbox 232 1055 306 1108; x_wconf 82' lang='lat' dir='ltr'><strong><em>ad</em></strong></span> <span class='ocrx_word' id='word_1_107' title='bbox 331 1054 540 1125; x_wconf 82' lang='lat' dir='ltr'><strong><em>aliquod</em></strong></span> <span class='ocrx_word' id='word_1_108' title='bbox 570 1053 762 1107; x_wconf 91' lang='lat' dir='ltr'><strong><em>malum</em></strong></span> <span class='ocrx_word' id='word_1_109' title='bbox 794 1067 918 1126; x_wconf 88' lang='lat' dir='ltr'><strong><em>opus</em></strong></span> <span class='ocrx_word' id='word_1_110' title='bbox 946 1053 1126 1134; x_wconf 77' lang='lat' dir='ltr'><strong><em>currit,</em></strong></span> <span class='ocrx_word' id='word_1_111' title='bbox 1158 1053 1202 1106; x_wconf 89' lang='lat' dir='ltr'><strong><em>si</em></strong></span> <span class='ocrx_word' id='word_1_112' title='bbox 1208 1055 1365 1176; x_wconf 49' lang='lat' dir='ltr'><strong><em>(forte</em></strong></span> <span class='ocrx_word' id='word_1_113' title='bbox 1393 1056 1574 1124; x_wconf 84' lang='lat' dir='ltr'><strong><em>pedem</em></strong></span> <span class='ocrx_word' id='word_1_114' title='bbox 1602 1056 1818 1178; x_wconf 58' lang='lat' dir='ltr'><strong><em>impffe-</em></strong></span> 
     </span>
     <span class='ocr_line' id='line_1_11' title="bbox 263 1126 1818 1178; baseline 0 0"><span class='ocrx_word' id='word_1_115' title='bbox 263 1127 324 1178; x_wconf 83' lang='lat' dir='ltr'><strong><em>it.</em></strong></span> <span class='ocrx_word' id='word_1_116' title='bbox 360 1129 529 1178; x_wconf 91' lang='lat' dir='ltr'><strong><em>sianat</em></strong></span> <span class='ocrx_word' id='word_1_117' title='bbox 554 1139 609 1178; x_wconf 89' lang='lat' dir='ltr'><strong><em>os</em></strong></span> <span class='ocrx_word' id='word_1_118' title='bbox 632 1141 799 1178; x_wconf 91' lang='lat' dir='ltr'><strong><em>suum.</em></strong></span> <span class='ocrx_word' id='word_1_119' title='bbox 841 1135 886 1177; x_wconf 92' lang='lat' dir='ltr'><strong><em>et</em></strong></span> <span class='ocrx_word' id='word_1_120' title='bbox 923 1133 1081 1177; x_wconf 80' lang='lat' dir='ltr'><strong><em>nescit</em></strong></span> <span class='ocrx_word' id='word_1_121' title='bbox 1107 1139 1204 1178; x_wconf 91' lang='lat' dir='ltr'><strong><em>ouo</em></strong></span> <span class='ocrx_word' id='word_1_122' title='bbox 1263 1126 1478 1178; x_wconf 79' lang='lat' dir='ltr'><strong><em>includit</em></strong></span> <span class='ocrx_word' id='word_1_123' title='bbox 1505 1126 1672 1178; x_wconf 79' lang='lat' dir='ltr'><strong><em>potius</em></strong></span> <span class='ocrx_word' id='word_1_124' title='bbox 1749 1141 1818 1178; x_wconf 76' lang='lat' dir='ltr'><strong><em>te-</em></strong></span> 
     </span>
    </p>
   </div>
   <div class='ocr_carea' id='block_1_11' title="bbox 263 1125 1818 1196">
    <p class='ocr_par' dir='ltr' id='par_1_11' title="bbox 263 1125 1818 1196">
     <span class='ocr_line' id='line_1_12' title="bbox 263 1125 1818 1196; baseline 0.001 -17"><span class='ocrx_word' id='word_1_125' title='bbox 263 1127 324 1193; x_wconf 70' lang='grc' dir='ltr'><strong><em>ξι,</em></strong></span> <span class='ocrx_word' id='word_1_126' title='bbox 360 1129 529 1196; x_wconf 90' lang='lat' dir='ltr'><strong><em>signat</em></strong></span> <span class='ocrx_word' id='word_1_127' title='bbox 554 1139 609 1178; x_wconf 89' lang='lat' dir='ltr'><strong><em>os</em></strong></span> <span class='ocrx_word' id='word_1_128' title='bbox 632 1141 799 1196; x_wconf 91' lang='lat' dir='ltr'><strong><em>suum,</em></strong></span> <span class='ocrx_word' id='word_1_129' title='bbox 828 1125 886 1177; x_wconf 91' lang='lat' dir='ltr'><strong><em>et</em></strong></span> <span class='ocrx_word' id='word_1_130' title='bbox 923 1125 1081 1196; x_wconf 63' lang='lat' dir='ltr'><strong><em>nescit</em></strong></span> <span class='ocrx_word' id='word_1_131' title='bbox 1107 1125 1242 1193; x_wconf 89' lang='lat' dir='ltr'><strong><em>quod</em></strong></span> <span class='ocrx_word' id='word_1_132' title='bbox 1263 1125 1478 1178; x_wconf 88' lang='lat' dir='ltr'><strong><em>includit</em></strong></span> <span class='ocrx_word' id='word_1_133' title='bbox 1505 1125 1679 1193; x_wconf 91' lang='lat' dir='ltr'><strong><em>potius</em></strong></span> <span class='ocrx_word' id='word_1_134' title='bbox 1712 1125 1818 1180; x_wconf 67' lang='lat' dir='ltr'><strong><em>dae-</em></strong></span> 
     </span>
    </p>
   </div>
   <div class='ocr_carea' id='block_1_12' title="bbox 230 1193 1817 1266">
    <p class='ocr_par' dir='ltr' id='par_1_12' title="bbox 230 1193 1817 1266">
     <span class='ocr_line' id='line_1_13' title="bbox 230 1193 1817 1266; baseline -0.001 -16"><span class='ocrx_word' id='word_1_135' title='bbox 230 1193 459 1261; x_wconf 81' lang='lat' dir='ltr'><strong><em>mortem,</em></strong></span> <span class='ocrx_word' id='word_1_136' title='bbox 488 1211 642 1266; x_wconf 84' lang='lat' dir='ltr'><strong><em>quam</em></strong></span> <span class='ocrx_word' id='word_1_137' title='bbox 673 1195 918 1249; x_wconf 75' lang='lat' dir='ltr'><strong><em>excludit.</em></strong></span> <span class='ocrx_word' id='word_1_138' title='bbox 950 1193 1096 1266; x_wconf 83' lang='lat' dir='ltr'><strong><em>Tunc</em></strong></span> <span class='ocrx_word' id='word_1_139' title='bbox 1116 1196 1250 1248; x_wconf 90' lang='lat' dir='ltr'><strong><em>enim</em></strong></span> <span class='ocrx_word' id='word_1_140' title='bbox 1278 1197 1398 1250; x_wconf 85' lang='lat' dir='ltr'><strong><em>bene</em></strong></span> <span class='ocrx_word' id='word_1_141' title='bbox 1426 1213 1479 1249; x_wconf 82' lang='lat' dir='ltr'><strong><em>se</em></strong></span> <span class='ocrx_word' id='word_1_142' title='bbox 1505 1198 1749 1266; x_wconf 73' lang='lat' dir='ltr'><strong><em>signaret,</em></strong></span> <span class='ocrx_word' id='word_1_143' title='bbox 1770 1205 1817 1251; x_wconf 88' lang='lat' dir='ltr'><strong><em>et</em></strong></span> 
     </span>
    </p>
   </div>
   <div class='ocr_carea' id='block_1_13' title="bbox 228 1265 1818 1340">
    <p class='ocr_par' dir='ltr' id='par_1_13' title="bbox 228 1265 1818 1340">
     <span class='ocr_line' id='line_1_14' title="bbox 228 1265 1818 1340; baseline 0 -20"><span class='ocrx_word' id='word_1_144' title='bbox 228 1265 580 1340; x_wconf 68' lang='lat' dir='ltr'><strong><em>diabolumde</em></strong></span> <span class='ocrx_word' id='word_1_145' title='bbox 601 1267 870 1340; x_wconf 84' lang='lat' dir='ltr'><strong><em>corde__suo</em></strong></span> <span class='ocrx_word' id='word_1_146' title='bbox 903 1265 1190 1340; x_wconf 82' lang='lat' dir='ltr'><strong><em>repelleret,</em></strong></span> <span class='ocrx_word' id='word_1_147' title='bbox 1215 1267 1258 1319; x_wconf 87' lang='lat' dir='ltr'><strong><em>si</em></strong></span> <span class='ocrx_word' id='word_1_148' title='bbox 1285 1267 1415 1340; x_wconf 82' lang='lat' dir='ltr'><strong><em>scab</em></strong></span> <span class='ocrx_word' id='word_1_149' title='bbox 1444 1266 1537 1322; x_wconf 89' lang='lat' dir='ltr'><strong><em>illo</em></strong></span> <span class='ocrx_word' id='word_1_150' title='bbox 1557 1265 1712 1340; x_wconf 87' lang='lat' dir='ltr'><strong><em>opere</em></strong></span> <span class='ocrx_word' id='word_1_151' title='bbox 1733 1284 1818 1321; x_wconf 86' lang='lat' dir='ltr'><strong><em>ne-</em></strong></span> 
     </span>
    </p>
   </div>
   <div class='ocr_carea' id='block_1_14' title="bbox 231 1336 1815 1410">
    <p class='ocr_par' dir='ltr' id='par_1_14' title="bbox 231 1336 1815 1410">
     <span class='ocr_line' id='line_1_15' title="bbox 231 1336 1815 1410; baseline 0 -18"><span class='ocrx_word' id='word_1_152' title='bbox 231 1339 372 1410; x_wconf 88' lang='lat' dir='ltr'><strong><em>fario</em></strong></span> <span class='ocrx_word' id='word_1_153' title='bbox 401 1347 676 1410; x_wconf 85' lang='lat' dir='ltr'><strong><em>revocaret.</em></strong></span> <span class='ocrx_word' id='word_1_154' title='bbox 709 1336 879 1410; x_wconf 15' lang='lat' dir='ltr'><strong><em>rUnde</em></strong></span> <span class='ocrx_word' id='word_1_155' title='bbox 906 1338 1089 1410; x_wconf 86' lang='lat' dir='ltr'><strong><em>iterum</em></strong></span> <span class='ocrx_word' id='word_1_156' title='bbox 1137 1349 1290 1410; x_wconf 88' lang='lat' dir='ltr'><strong><em>atque</em></strong></span> <span class='ocrx_word' id='word_1_157' title='bbox 1312 1339 1515 1410; x_wconf 83' lang='lat' dir='ltr'><strong><em>iterum</em></strong></span> <span class='ocrx_word' id='word_1_158' title='bbox 1556 1336 1680 1406; x_wconf 84' lang='lat' dir='ltr'><strong><em>rogo</em></strong></span> <span class='ocrx_word' id='word_1_159' title='bbox 1707 1355 1815 1402; x_wconf 85' lang='lat' dir='ltr'><strong><em>vos,</em></strong></span> 
     </span>
    </p>
   </div>
   <div class='ocr_carea' id='block_1_15' title="bbox 232 1407 1817 1482">
    <p class='ocr_par' dir='ltr' id='par_1_15' title="bbox 232 1407 1817 1482">
     <span class='ocr_line' id='line_1_16' title="bbox 232 1407 1817 1482; baseline 0 -18"><span class='ocrx_word' id='word_1_160' title='bbox 232 1407 421 1482; x_wconf 76' lang='lat' dir='ltr'><strong><em>fratres</em></strong></span> <span class='ocrx_word' id='word_1_161' title='bbox 467 1409 738 1482; x_wconf 73' lang='lat' dir='ltr'><strong><em>carissimi,</em></strong></span> <span class='ocrx_word' id='word_1_162' title='bbox 774 1420 830 1482; x_wconf 87' lang='lat' dir='ltr'><strong><em>ut</em></strong></span> <span class='ocrx_word' id='word_1_163' title='bbox 873 1423 966 1476; x_wconf 88' lang='lat' dir='ltr'><strong><em>pro</em></strong></span> <span class='ocrx_word' id='word_1_164' title='bbox 1014 1407 1248 1482; x_wconf 83' lang='lat' dir='ltr'><strong><em>_eis_totis</em></strong></span> <span class='ocrx_word' id='word_1_165' title='bbox 1274 1409 1462 1463; x_wconf 86' lang='lat' dir='ltr'><strong><em>viribus</em></strong></span> <span class='ocrx_word' id='word_1_166' title='bbox 1500 1411 1817 1481; x_wconf 84' lang='lat' dir='ltr'><strong><em>supplicetis,</em></strong></span> 
     </span>
    </p>
   </div>
   <div class='ocr_carea' id='block_1_16' title="bbox 225 1477 1820 1553">
    <p class='ocr_par' dir='ltr' id='par_1_16' title="bbox 225 1477 1820 1553">
     <span class='ocr_line' id='line_1_17' title="bbox 225 1477 1820 1553; baseline 0 -19"><span class='ocrx_word' id='word_1_167' title='bbox 225 1477 487 1553; x_wconf 61' lang='lat' dir='ltr'><strong><em>&#39;quatenus</em></strong></span> <span class='ocrx_word' id='word_1_168' title='bbox 533 1480 600 1533; x_wconf 92' lang='lat' dir='ltr'><strong><em>ad</em></strong></span> <span class='ocrx_word' id='word_1_169' title='bbox 624 1480 726 1553; x_wconf 71' lang='lat' dir='ltr'><strong><em>ista</em></strong></span> <span class='ocrx_word' id='word_1_170' title='bbox 766 1477 1059 1553; x_wconf 77' lang='lat' dir='ltr'><strong><em>damnanda</em></strong></span> <span class='ocrx_word' id='word_1_171' title='bbox 1095 1477 1405 1553; x_wconf 83' lang='lat' dir='ltr'><strong><em>intellectum</em></strong></span> <span class='ocrx_word' id='word_1_172' title='bbox 1451 1477 1680 1553; x_wconf 78' lang='lat' dir='ltr'><strong><em>accipere</em></strong></span> <span class='ocrx_word' id='word_1_173' title='bbox 1715 1497 1820 1534; x_wconf 86' lang='lat' dir='ltr'><strong><em>me-</em></strong></span> 
     </span>
    </p>
   </div>
   <div class='ocr_carea' id='block_1_17' title="bbox 229 1549 1819 1621">
    <p class='ocr_par' dir='ltr' id='par_1_17' title="bbox 229 1549 1819 1621">
     <span class='ocr_line' id='line_1_18' title="bbox 229 1549 1819 1621; baseline 0 -15"><span class='ocrx_word' id='word_1_174' title='bbox 229 1549 464 1615; x_wconf 70' lang='lat' dir='ltr'><strong><em>reantur,</em></strong></span> <span class='ocrx_word' id='word_1_175' title='bbox 483 1561 544 1604; x_wconf 84' lang='lat' dir='ltr'><strong><em>et</em></strong></span> <span class='ocrx_word' id='word_1_176' title='bbox 572 1549 811 1618; x_wconf 79' lang='lat' dir='ltr'><strong><em>affectum</em></strong></span> <span class='ocrx_word' id='word_1_177' title='bbox 836 1551 903 1602; x_wconf 91' lang='lat' dir='ltr'><strong><em>ad</em></strong></span> <span class='ocrx_word' id='word_1_178' title='bbox 933 1549 1198 1621; x_wconf 83' lang='lat' dir='ltr'><strong><em>fugienda,</em></strong></span> <span class='ocrx_word' id='word_1_179' title='bbox 1222 1559 1272 1605; x_wconf 89' lang='lat' dir='ltr'><strong><em>et</em></strong></span> <span class='ocrx_word' id='word_1_180' title='bbox 1312 1551 1713 1606; x_wconf 85' lang='lat' dir='ltr'><strong><em>misericordiam</em></strong></span> <span class='ocrx_word' id='word_1_181' title='bbox 1752 1552 1819 1606; x_wconf 88' lang='lat' dir='ltr'><strong><em>ad</em></strong></span> 
     </span>
    </p>
   </div>
   <div class='ocr_carea' id='block_1_18' title="bbox 233 1619 1821 1697">
    <p class='ocr_par' dir='ltr' id='par_1_18' title="bbox 233 1619 1821 1697">
     <span class='ocr_line' id='line_1_19' title="bbox 233 1619 1821 1697; baseline -0.002 -19"><span class='ocrx_word' id='word_1_182' title='bbox 233 1624 546 1697; x_wconf 75' lang='lat' dir='ltr'><strong><em>ignoscenda</em></strong></span> <span class='ocrx_word' id='word_1_183' title='bbox 575 1621 718 1697; x_wconf 77' lang='lat' dir='ltr'><strong><em>(et)_d.</em></strong></span> <span class='ocrx_word' id='word_1_184' title='bbox 749 1621 890 1697; x_wconf 73' lang='lat' dir='ltr'><strong><em>male</em></strong></span> <span class='ocrx_word' id='word_1_185' title='bbox 909 1619 1426 1697; x_wconf 21' lang='lat' dir='ltr'><strong><em>adgagnoscendum),</em></strong></span> <span class='ocrx_word' id='word_1_186' title='bbox 1461 1622 1821 1697; x_wconf 78' lang='lat' dir='ltr'><strong><em>Opportunum</em></strong></span> 
     </span>
    </p>
   </div>
   <div class='ocr_carea' id='block_1_19' title="bbox 235 1691 1818 1766">
    <p class='ocr_par' dir='ltr' id='par_1_19' title="bbox 235 1691 1818 1766">
     <span class='ocr_line' id='line_1_20' title="bbox 235 1691 1818 1766; baseline -0.001 -18"><span class='ocrx_word' id='word_1_187' title='bbox 235 1691 333 1748; x_wconf 70' lang='lat' dir='ltr'><strong><em>e&#39;rit</em></strong></span> <span class='ocrx_word' id='word_1_188' title='bbox 362 1695 462 1766; x_wconf 88' lang='lat' dir='ltr'><strong><em>(sic</em></strong></span> <span class='ocrx_word' id='word_1_189' title='bbox 491 1691 610 1748; x_wconf 86' lang='lat' dir='ltr'><strong><em>cod.</em></strong></span> <span class='ocrx_word' id='word_1_190' title='bbox 645 1691 849 1766; x_wconf 83' lang='lat' dir='ltr'><strong><em>Fesul.;</em></strong></span> <span class='ocrx_word' id='word_1_191' title='bbox 894 1691 1241 1766; x_wconf 78' lang='lat' dir='ltr'><strong><em>cod._Much.</em></strong></span> <span class='ocrx_word' id='word_1_192' title='bbox 1279 1693 1412 1766; x_wconf 86' lang='lat' dir='ltr'><strong><em>erat)</em></strong></span> <span class='ocrx_word' id='word_1_193' title='bbox 1437 1691 1646 1766; x_wconf 80' lang='lat' dir='ltr'><strong><em>propter</em></strong></span> <span class='ocrx_word' id='word_1_194' title='bbox 1685 1695 1818 1748; x_wconf 84' lang='lat' dir='ltr'><strong><em>assi-</em></strong></span> 
     </span>
    </p>
   </div>
   <div class='ocr_carea' id='block_1_20' title="bbox 235 1762 1822 1834">
    <p class='ocr_par' dir='ltr' id='par_1_20' title="bbox 235 1762 1822 1834">
     <span class='ocr_line' id='line_1_21' title="bbox 235 1762 1822 1834; baseline -0.001 -15"><span class='ocrx_word' id='word_1_195' title='bbox 235 1762 396 1819; x_wconf 85' lang='lat' dir='ltr'><strong><em>duam</em></strong></span> <span class='ocrx_word' id='word_1_196' title='bbox 427 1763 862 1834; x_wconf 60' lang='lat' dir='ltr'><strong><em>compunctiqnqn</em></strong></span> <span class='ocrx_word' id='word_1_197' title='bbox 898 1762 1206 1834; x_wconf 65' lang='lat' dir='ltr'><strong><em>paenitentia:</em></strong></span> <span class='ocrx_word' id='word_1_198' title='bbox 1235 1762 1487 1832; x_wconf 85' lang='lat' dir='ltr'><strong><em>psalmum</em></strong></span> <span class='ocrx_word' id='word_1_199' title='bbox 1515 1765 1822 1834; x_wconf 89' lang='lat' dir='ltr'><strong><em>quinquage-</em></strong></span> 
     </span>
    </p>
   </div>
   <div class='ocr_carea' id='block_1_21' title="bbox 233 1832 1820 1905">
    <p class='ocr_par' dir='ltr' id='par_1_21' title="bbox 233 1832 1820 1905">
     <span class='ocr_line' id='line_1_22' title="bbox 233 1832 1820 1905; baseline -0.001 -15"><span class='ocrx_word' id='word_1_200' title='bbox 233 1838 426 1890; x_wconf 83' lang='lat' dir='ltr'><strong><em>simum</em></strong></span> <span class='ocrx_word' id='word_1_201' title='bbox 453 1832 598 1889; x_wconf 81' lang='lat' dir='ltr'><strong><em>nobis</em></strong></span> <span class='ocrx_word' id='word_1_202' title='bbox 628 1833 768 1905; x_wconf 92' lang='lat' dir='ltr'><strong><em>(cod.</em></strong></span> <span class='ocrx_word' id='word_1_203' title='bbox 795 1832 973 1887; x_wconf 76' lang='lat' dir='ltr'><strong><em>Fesul.</em></strong></span> <span class='ocrx_word' id='word_1_204' title='bbox 1000 1832 1160 1903; x_wconf 87' lang='lat' dir='ltr'><strong><em>vobis)</em></strong></span> <span class='ocrx_word' id='word_1_205' title='bbox 1181 1836 1331 1905; x_wconf 80' lang='lat' dir='ltr'><strong><em>omni</em></strong></span> <span class='ocrx_word' id='word_1_206' title='bbox 1362 1835 1444 1887; x_wconf 90' lang='lat' dir='ltr'><strong><em>die</em></strong></span> <span class='ocrx_word' id='word_1_207' title='bbox 1470 1844 1696 1892; x_wconf 90' lang='lat' dir='ltr'><strong><em>cantare.</em></strong></span> <span class='ocrx_word' id='word_1_208' title='bbox 1717 1832 1820 1890; x_wconf 83' lang='lat' dir='ltr'><strong><em>Lo-</em></strong></span> 
     </span>
    </p>
   </div>
   <div class='ocr_carea' id='block_1_22' title="bbox 236 1903 1823 1976">
    <p class='ocr_par' dir='ltr' id='par_1_22' title="bbox 236 1903 1823 1976">
     <span class='ocr_line' id='line_1_23' title="bbox 236 1903 1823 1976; baseline 0.001 -16"><span class='ocrx_word' id='word_1_209' title='bbox 236 1921 460 1976; x_wconf 88' lang='lat' dir='ltr'><strong><em>quamur</em></strong></span> <span class='ocrx_word' id='word_1_210' title='bbox 481 1903 646 1960; x_wconf 83' lang='lat' dir='ltr'><strong><em>tamen</em></strong></span> <span class='ocrx_word' id='word_1_211' title='bbox 670 1915 716 1958; x_wconf 92' lang='lat' dir='ltr'><strong><em>et</em></strong></span> <span class='ocrx_word' id='word_1_212' title='bbox 754 1904 821 1957; x_wconf 90' lang='lat' dir='ltr'><strong><em>ad</em></strong></span> <span class='ocrx_word' id='word_1_213' title='bbox 849 1905 968 1958; x_wconf 90' lang='lat' dir='ltr'><strong><em>illos</em></strong></span> <span class='ocrx_word' id='word_1_214' title='bbox 998 1919 1124 1973; x_wconf 89' lang='lat' dir='ltr'><strong><em>quos</em></strong></span> <span class='ocrx_word' id='word_1_215' title='bbox 1165 1903 1453 1976; x_wconf 89' lang='lat' dir='ltr'><strong><em>frequenter</em></strong></span> <span class='ocrx_word' id='word_1_216' title='bbox 1478 1906 1539 1960; x_wconf 90' lang='lat' dir='ltr'><strong><em>ob</em></strong></span> <span class='ocrx_word' id='word_1_217' title='bbox 1578 1905 1823 1961; x_wconf 73' lang='lat' dir='ltr'><strong><em>Ecclesia&quot;:</em></strong></span> 
     </span>
    </p>
   </div>
   <div class='ocr_carea' id='block_1_23' title="bbox 1919 841 3509 914">
    <p class='ocr_par' dir='ltr' id='par_1_23' title="bbox 1919 841 3509 914">
     <span class='ocr_line' id='line_1_24' title="bbox 1919 841 3509 914; baseline 0.006 -22"><span class='ocrx_word' id='word_1_218' title='bbox 1919 841 2359 914; x_wconf 66' lang='lat' dir='ltr'><strong><em>aut_frcquente_r,</em></strong></span> <span class='ocrx_word' id='word_1_219' title='bbox 2389 852 2495 914; x_wconf 73' lang='lat' dir='ltr'><strong><em>aut</em></strong></span> <span class='ocrx_word' id='word_1_220' title='bbox 2515 857 2714 911; x_wconf 86' lang='lat' dir='ltr'><strong><em>semper</em></strong></span> <span class='ocrx_word' id='word_1_221' title='bbox 2743 842 2985 914; x_wconf 81' lang='lat' dir='ltr'><strong><em>interesse</em></strong></span> <span class='ocrx_word' id='word_1_222' title='bbox 3019 859 3108 914; x_wconf 85' lang='lat' dir='ltr'><strong><em>nec</em></strong></span> <span class='ocrx_word' id='word_1_223' title='bbox 3137 854 3386 914; x_wconf 88' lang='lat' dir='ltr'><strong><em>metuunt,</em></strong></span> <span class='ocrx_word' id='word_1_224' title='bbox 3419 864 3509 902; x_wconf 88' lang='lat' dir='ltr'><strong><em>nec</em></strong></span> 
     </span>
    </p>
   </div>
   <div class='ocr_carea' id='block_1_24' title="bbox 1919 910 3511 987">
    <p class='ocr_par' dir='ltr' id='par_1_24' title="bbox 1919 910 3511 987">
     <span class='ocr_line' id='line_1_25' title="bbox 1919 910 3511 987; baseline 0.006 -24"><span class='ocrx_word' id='word_1_225' title='bbox 1919 910 2247 987; x_wconf 68' lang='lat' dir='ltr'><strong><em>erubescunt.</em></strong></span> <span class='ocrx_word' id='word_1_226' title='bbox 2281 910 2357 966; x_wconf 93' lang='lat' dir='ltr'><strong><em>De</em></strong></span> <span class='ocrx_word' id='word_1_227' title='bbox 2387 911 2575 987; x_wconf 36' lang='lat' dir='ltr'><strong><em>talibus.</em></strong></span> <span class='ocrx_word' id='word_1_228' title='bbox 2603 910 2650 987; x_wconf 71' lang='lat' dir='ltr'><strong><em>et</em></strong></span> <span class='ocrx_word' id='word_1_229' title='bbox 2677 920 2847 987; x_wconf 57' lang='lat' dir='ltr'><strong><em>potest</em></strong></span> <span class='ocrx_word' id='word_1_230' title='bbox 2872 913 3096 987; x_wconf 80' lang='lat' dir='ltr'><strong><em>et__del_tet</em></strong></span> <span class='ocrx_word' id='word_1_231' title='bbox 3125 914 3249 981; x_wconf 88' lang='lat' dir='ltr'><strong><em>dici,</em></strong></span> <span class='ocrx_word' id='word_1_232' title='bbox 3281 910 3419 987; x_wconf 79' lang='lat' dir='ltr'><strong><em>quod</em></strong></span> <span class='ocrx_word' id='word_1_233' title='bbox 3447 919 3511 972; x_wconf 90' lang='lat' dir='ltr'><strong><em>de</em></strong></span> 
     </span>
    </p>
   </div>
   <div class='ocr_carea' id='block_1_25' title="bbox 1918 981 3512 1062">
    <p class='ocr_par' dir='ltr' id='par_1_25' title="bbox 1918 981 3512 1062">
     <span class='ocr_line' id='line_1_26' title="bbox 1918 981 3512 1062; baseline 0.006 -28"><span class='ocrx_word' id='word_1_234' title='bbox 1918 981 2077 1062; x_wconf 76' lang='lat' dir='ltr'><strong><em>vidua</em></strong></span> <span class='ocrx_word' id='word_1_235' title='bbox 2097 981 2338 1037; x_wconf 87' lang='lat' dir='ltr'><strong><em>deliciosa</em></strong></span> <span class='ocrx_word' id='word_1_236' title='bbox 2365 981 2670 1062; x_wconf 53' lang='lat' dir='ltr'><strong><em>dixitjilod.</em></strong></span> <span class='ocrx_word' id='word_1_237' title='bbox 2697 981 2871 1037; x_wconf 84' lang='lat' dir='ltr'><strong><em>Fesul.</em></strong></span> <span class='ocrx_word' id='word_1_238' title='bbox 2895 981 3040 1054; x_wconf 84' lang='lat' dir='ltr'><strong><em>dicit]</em></strong></span> <span class='ocrx_word' id='word_1_239' title='bbox 3062 981 3357 1058; x_wconf 76' lang='lat' dir='ltr'><strong><em>Apostolus,</em></strong></span> <span class='ocrx_word' id='word_1_240' title='bbox 3388 990 3512 1062; x_wconf 83' lang='lat' dir='ltr'><strong><em>quia</em></strong></span> 
     </span>
    </p>
   </div>
   <div class='ocr_carea' id='block_1_26' title="bbox 1922 1053 2880 1118">
    <p class='ocr_par' dir='ltr' id='par_1_26' title="bbox 1922 1053 2880 1118">
     <span class='ocr_line' id='line_1_27' title="bbox 1922 1053 2880 1118; baseline 0.003 -12"><span class='ocrx_word' id='word_1_241' title='bbox 1922 1053 2095 1107; x_wconf 91' lang='lat' dir='ltr'><strong><em>vivens</em></strong></span> <span class='ocrx_word' id='word_1_242' title='bbox 2124 1065 2330 1108; x_wconf 88' lang='lat' dir='ltr'><strong><em>mortua</em></strong></span> <span class='ocrx_word' id='word_1_243' title='bbox 2357 1064 2452 1108; x_wconf 91' lang='lat' dir='ltr'><strong><em>est.</em></strong></span> <span class='ocrx_word' id='word_1_244' title='bbox 2479 1053 2752 1118; x_wconf 77' lang='lat' dir='ltr'><strong><em>Admonet,</em></strong></span> <span class='ocrx_word' id='word_1_245' title='bbox 2775 1065 2880 1109; x_wconf 91' lang='lat' dir='ltr'><strong><em>etc.</em></strong></span> 
     </span>
    </p>
   </div>
   <div class='ocr_carea' id='block_1_27' title="bbox 1991 1123 2680 1193">
    <p class='ocr_par' dir='ltr' id='par_1_27' title="bbox 1991 1123 2680 1193">
     <span class='ocr_line' id='line_1_28' title="bbox 1991 1123 2680 1193; baseline 0.001 -16"><span class='ocrx_word' id='word_1_246' title='bbox 1991 1123 2056 1177; x_wconf 86' lang='lat' dir='ltr'><strong><em>N.</em></strong></span> <span class='ocrx_word' id='word_1_247' title='bbox 2083 1123 2137 1178; x_wconf 80' lang='grc'><strong><em>4.</em></strong></span> <span class='ocrx_word' id='word_1_248' title='bbox 2160 1123 2275 1178; x_wconf 84' lang='lat' dir='ltr'><strong><em>Hoc</em></strong></span> <span class='ocrx_word' id='word_1_249' title='bbox 2299 1133 2558 1193; x_wconf 85' lang='lat' dir='ltr'><strong><em>peccatum</em></strong></span> <span class='ocrx_word' id='word_1_250' title='bbox 2577 1139 2680 1178; x_wconf 88' lang='lat' dir='ltr'><strong><em>non</em></strong></span> 
     </span>
    </p>
   </div>
   <div class='ocr_carea' id='block_1_28' title="bbox 1922 1193 2378 1265">
    <p class='ocr_par' dir='ltr' id='par_1_28' title="bbox 1922 1193 2378 1265">
     <span class='ocr_line' id='line_1_29' title="bbox 1922 1193 2378 1265; baseline 0.011 -18"><span class='ocrx_word' id='word_1_251' title='bbox 1922 1196 2042 1265; x_wconf 81' lang='lat' dir='ltr'><strong><em>fecit</em></strong></span> <span class='ocrx_word' id='word_1_252' title='bbox 2066 1193 2251 1264; x_wconf 83' lang='lat' dir='ltr'><strong><em>David,</em></strong></span> <span class='ocrx_word' id='word_1_253' title='bbox 2275 1204 2378 1252; x_wconf 86' lang='lat' dir='ltr'><strong><em>etc.</em></strong></span> 
     </span>
    </p>
   </div>
   <div class='ocr_carea' id='block_1_29' title="bbox 1994 1335 2683 1410">
    <p class='ocr_par' dir='ltr' id='par_1_29' title="bbox 1994 1335 2683 1410">
     <span class='ocr_line' id='line_1_30' title="bbox 1994 1335 2683 1410; baseline 0.001 -21"><span class='ocrx_word' id='word_1_254' title='bbox 1994 1335 2144 1410; x_wconf 70' lang='lat' dir='ltr'><strong><em>Ibid.</em></strong></span> <span class='ocrx_word' id='word_1_255' title='bbox 2189 1337 2350 1393; x_wconf 83' lang='lat' dir='ltr'><strong><em>Tanto</em></strong></span> <span class='ocrx_word' id='word_1_256' title='bbox 2406 1340 2459 1392; x_wconf 90' lang='lat' dir='ltr'><strong><em>in</em></strong></span> <span class='ocrx_word' id='word_1_257' title='bbox 2514 1335 2683 1410; x_wconf 85' lang='lat' dir='ltr'><strong><em>Deum</em></strong></span> 
     </span>
    </p>
   </div>
   <div class='ocr_carea' id='block_1_30' title="bbox 1921 1407 2686 1479">
    <p class='ocr_par' dir='ltr' id='par_1_30' title="bbox 1921 1407 2686 1479">
     <span class='ocr_line' id='line_1_31' title="bbox 1921 1407 2686 1479; baseline 0 -19"><span class='ocrx_word' id='word_1_258' title='bbox 1921 1407 2180 1479; x_wconf 79' lang='lat' dir='ltr'><strong><em>intentior,</em></strong></span> <span class='ocrx_word' id='word_1_259' title='bbox 2209 1419 2402 1479; x_wconf 89' lang='lat' dir='ltr'><strong><em>quanto</em></strong></span> <span class='ocrx_word' id='word_1_260' title='bbox 2451 1407 2686 1462; x_wconf 85' lang='lat' dir='ltr'><strong><em>miserior</em></strong></span> 
     </span>
    </p>
   </div>
   <div class='ocr_carea' id='block_1_31' title="bbox 1921 1478 2684 1548">
    <p class='ocr_par' dir='ltr' id='par_1_31' title="bbox 1921 1478 2684 1548">
     <span class='ocr_line' id='line_1_32' title="bbox 1921 1478 2684 1548; baseline -0.001 -17"><span class='ocrx_word' id='word_1_261' title='bbox 1921 1478 2228 1532; x_wconf 71' lang='lat' dir='ltr'><strong><em>videbatur.</em></strong></span> <span class='ocrx_word' id='word_1_262' title='bbox 2260 1479 2395 1534; x_wconf 84' lang='lat' dir='ltr'><strong><em>Utile</em></strong></span> <span class='ocrx_word' id='word_1_263' title='bbox 2439 1478 2684 1548; x_wconf 79' lang='lat' dir='ltr'><strong><em>quiddam</em></strong></span> 
     </span>
    </p>
   </div>
   <div class='ocr_carea' id='block_1_32' title="bbox 1924 1548 2684 1616">
    <p class='ocr_par' dir='ltr' id='par_1_32' title="bbox 1924 1548 2684 1616">
     <span class='ocr_line' id='line_1_33' title="bbox 1924 1548 2684 1616; baseline -0.005 -12"><span class='ocrx_word' id='word_1_264' title='bbox 1924 1559 1997 1604; x_wconf 89' lang='lat' dir='ltr'><strong><em>est</em></strong></span> <span class='ocrx_word' id='word_1_265' title='bbox 2029 1551 2328 1616; x_wconf 90' lang='lat' dir='ltr'><strong><em>tribulatio;</em></strong></span> <span class='ocrx_word' id='word_1_266' title='bbox 2360 1551 2483 1605; x_wconf 88' lang='lat' dir='ltr'><strong><em>utile</em></strong></span> <span class='ocrx_word' id='word_1_267' title='bbox 2503 1548 2684 1603; x_wconf 89' lang='lat' dir='ltr'><strong><em>medici</em></strong></span> 
     </span>
    </p>
   </div>
   <div class='ocr_carea' id='block_1_33' title="bbox 1923 1619 2686 1691">
    <p class='ocr_par' dir='ltr' id='par_1_33' title="bbox 1923 1619 2686 1691">
     <span class='ocr_line' id='line_1_34' title="bbox 1923 1619 2686 1691; baseline 0.001 -19"><span class='ocrx_word' id='word_1_268' title='bbox 1923 1619 2285 1688; x_wconf 74' lang='lat' dir='ltr'><strong><em>ferramentum</em></strong></span> <span class='ocrx_word' id='word_1_269' title='bbox 2309 1662 2325 1684; x_wconf 90' lang='lat'><strong><em>,</em></strong></span> <span class='ocrx_word' id='word_1_270' title='bbox 2369 1638 2528 1691; x_wconf 5' lang='lat' dir='ltr'><strong><em>quam,</em></strong></span> <span class='ocrx_word' id='word_1_271' title='bbox 2570 1621 2686 1674; x_wconf 91' lang='lat' dir='ltr'><strong><em>dia-</em></strong></span> 
     </span>
    </p>
   </div>
   <div class='ocr_carea' id='block_1_34' title="bbox 1925 1690 2688 1746">
    <p class='ocr_par' dir='ltr' id='par_1_34' title="bbox 1925 1690 2688 1746">
     <span class='ocr_line' id='line_1_35' title="bbox 1925 1690 2688 1746; baseline -0.003 -3"><span class='ocrx_word' id='word_1_272' title='bbox 1925 1691 2027 1744; x_wconf 90' lang='lat' dir='ltr'><strong><em>boli</em></strong></span> <span class='ocrx_word' id='word_1_273' title='bbox 2066 1690 2446 1746; x_wconf 85' lang='lat' dir='ltr'><strong><em>tentamentum.</em></strong></span> <span class='ocrx_word' id='word_1_274' title='bbox 2495 1690 2688 1746; x_wconf 77' lang='lat' dir='ltr'><strong><em>Factus</em></strong></span> 
     </span>
    </p>
   </div>
   <div class='ocr_carea' id='block_1_35' title="bbox 1929 1763 2684 1826">
    <p class='ocr_par' dir='ltr' id='par_1_35' title="bbox 1929 1763 2684 1826">
     <span class='ocr_line' id='line_1_36' title="bbox 1929 1763 2684 1826; baseline 0.001 -12"><span class='ocrx_word' id='word_1_275' title='bbox 1929 1773 2024 1826; x_wconf 88' lang='lat' dir='ltr'><strong><em>est,</em></strong></span> <span class='ocrx_word' id='word_1_276' title='bbox 2054 1773 2158 1818; x_wconf 88' lang='lat' dir='ltr'><strong><em>etc.</em></strong></span> <span class='ocrx_word' id='word_1_277' title='bbox 2195 1763 2326 1818; x_wconf 85' lang='lat' dir='ltr'><strong><em>Vide</em></strong></span> <span class='ocrx_word' id='word_1_278' title='bbox 2364 1779 2475 1818; x_wconf 76' lang='lat' dir='ltr'><strong><em>var.</em></strong></span> <span class='ocrx_word' id='word_1_279' title='bbox 2517 1763 2684 1817; x_wconf 74' lang='lat' dir='ltr'><strong><em>Maus.</em></strong></span> 
     </span>
    </p>
   </div>
   <div class='ocr_carea' id='block_1_36' title="bbox 1996 1831 2615 1889">
    <p class='ocr_par' dir='ltr' id='par_1_36' title="bbox 1996 1831 2615 1889">
     <span class='ocr_line' id='line_1_37' title="bbox 1996 1831 2615 1889; baseline -0.003 0"><span class='ocrx_word' id='word_1_280' title='bbox 1996 1833 2125 1889; x_wconf 90' lang='lat' dir='ltr'><strong><em>Ibid.</em></strong></span> <span class='ocrx_word' id='word_1_281' title='bbox 2152 1831 2404 1889; x_wconf 89' lang='lat' dir='ltr'><strong><em>Pressura</em></strong></span> <span class='ocrx_word' id='word_1_282' title='bbox 2433 1835 2615 1888; x_wconf 79' lang='lat' dir='ltr'><strong><em>caruit.</em></strong></span> 
     </span>
    </p>
   </div>
   <div class='ocr_carea' id='block_1_37' title="bbox 2005 1903 2687 1978">
    <p class='ocr_par' dir='ltr' id='par_1_37' title="bbox 2005 1903 2687 1978">
     <span class='ocr_line' id='line_1_38' title="bbox 2005 1903 2687 1978; baseline 0.001 -20"><span class='ocrx_word' id='word_1_283' title='bbox 2005 1903 2136 1960; x_wconf 88' lang='lat' dir='ltr'><strong><em>Ibid.</em></strong></span> <span class='ocrx_word' id='word_1_284' title='bbox 2212 1903 2365 1961; x_wconf 80' lang='lat' dir='ltr'><strong><em>Valet</em></strong></span> <span class='ocrx_word' id='word_1_285' title='bbox 2429 1906 2523 1961; x_wconf 91' lang='lat' dir='ltr'><strong><em>hoc</em></strong></span> <span class='ocrx_word' id='word_1_286' title='bbox 2567 1920 2687 1978; x_wconf 88' lang='lat' dir='ltr'><strong><em>ergo</em></strong></span> 
     </span>
    </p>
   </div>
   <div class='ocr_carea' id='block_1_38' title="bbox 236 1950 2235 2049">
    <p class='ocr_par' dir='ltr' id='par_1_38' title="bbox 236 1950 2235 2049">
     <span class='ocr_line' id='line_1_39' title="bbox 236 1950 2235 2049; baseline 0 -19"><span class='ocrx_word' id='word_1_287' title='bbox 236 1950 486 2032; x_wconf 54' lang='lat' dir='ltr'><strong><em>donventu</em></strong></span> <span class='ocrx_word' id='word_1_288' title='bbox 529 1977 821 2049; x_wconf 86' lang='lat' dir='ltr'><strong><em>spectacula</em></strong></span> <span class='ocrx_word' id='word_1_289' title='bbox 847 1950 1499 2049; x_wconf 60' lang='lat' dir='ltr'><strong><em>t&#39;olttpiuosa&#39;subducunt.</em></strong></span> <span class='ocrx_word' id='word_1_290' title='bbox 1537 1978 1680 2049; x_wconf 72' lang='lat' dir='ltr'><strong><em>Ruga</em></strong></span> <span class='ocrx_word' id='word_1_291' title='bbox 1714 1995 1821 2048; x_wconf 85' lang='lat' dir='ltr'><strong><em>vos,</em></strong></span> <span class='ocrx_word' id='word_1_292' title='bbox 1853 1950 1904 2013; x_wconf 78' lang='grc' dir='ltr'><strong>Β</strong></span> <span class='ocrx_word' id='word_1_293' title='bbox 1930 1977 2235 2049; x_wconf 77' lang='lat' dir='ltr'><strong><em>exemplum.</em></strong></span> 
     </span>
    </p>
   </div>
   <div class='ocr_carea' id='block_1_39' title="bbox 241 2045 1826 2118">
    <p class='ocr_par' dir='ltr' id='par_1_39' title="bbox 241 2045 1826 2118">
     <span class='ocr_line' id='line_1_40' title="bbox 241 2045 1826 2118; baseline 0.001 -16"><span class='ocrx_word' id='word_1_294' title='bbox 241 2057 438 2112; x_wconf 86' lang='lat' dir='ltr'><strong><em>tamen,</em></strong></span> <span class='ocrx_word' id='word_1_295' title='bbox 461 2047 732 2112; x_wconf 86' lang='lat' dir='ltr'><strong><em>carissimi,</em></strong></span> <span class='ocrx_word' id='word_1_296' title='bbox 763 2054 818 2100; x_wconf 89' lang='lat' dir='ltr'><strong><em>ut</em></strong></span> <span class='ocrx_word' id='word_1_297' title='bbox 850 2045 1256 2117; x_wconf 85' lang='lat' dir='ltr'><strong><em>quotiescumque</em></strong></span> <span class='ocrx_word' id='word_1_298' title='bbox 1282 2063 1368 2102; x_wconf 90' lang='lat' dir='ltr'><strong><em>eos</em></strong></span> <span class='ocrx_word' id='word_1_299' title='bbox 1397 2050 1498 2102; x_wconf 91' lang='lat' dir='ltr'><strong><em>tale</em></strong></span> <span class='ocrx_word' id='word_1_300' title='bbox 1526 2045 1722 2118; x_wconf 80' lang='lat' dir='ltr'><strong><em>aliquid</em></strong></span> <span class='ocrx_word' id='word_1_301' title='bbox 1743 2045 1826 2117; x_wconf 83' lang='lat' dir='ltr'><strong><em>fd-</em></strong></span> 
     </span>
    </p>
   </div>
   <div class='ocr_carea' id='block_1_40' title="bbox 240 2118 1822 2190">
    <p class='ocr_par' dir='ltr' id='par_1_40' title="bbox 240 2118 1822 2190">
     <span class='ocr_line' id='line_1_41' title="bbox 240 2118 1822 2190; baseline 0.002 -18"><span class='ocrx_word' id='word_1_302' title='bbox 240 2136 356 2190; x_wconf 82' lang='lat' dir='ltr'><strong><em>cere</em></strong></span> <span class='ocrx_word' id='word_1_303' title='bbox 381 2119 610 2173; x_wconf 89' lang='lat' dir='ltr'><strong><em>videritis</em></strong></span> <span class='ocrx_word' id='word_1_304' title='bbox 645 2119 715 2171; x_wconf 92' lang='lat' dir='ltr'><strong><em>ad</em></strong></span> <span class='ocrx_word' id='word_1_305' title='bbox 755 2118 915 2171; x_wconf 91' lang='lat' dir='ltr'><strong><em>vicem</em></strong></span> <span class='ocrx_word' id='word_1_306' title='bbox 952 2126 1178 2170; x_wconf 87' lang='lat' dir='ltr'><strong><em>nostram</em></strong></span> <span class='ocrx_word' id='word_1_307' title='bbox 1213 2118 1524 2190; x_wconf 86' lang='lat' dir='ltr'><strong><em>severissime</em></strong></span> <span class='ocrx_word' id='word_1_308' title='bbox 1547 2121 1822 2190; x_wconf 89' lang='lat' dir='ltr'><strong><em>castigetis.</em></strong></span> 
     </span>
    </p>
   </div>
   <div class='ocr_carea' id='block_1_41' title="bbox 243 2189 1827 2262">
    <p class='ocr_par' dir='ltr' id='par_1_41' title="bbox 243 2189 1827 2262">
     <span class='ocr_line' id='line_1_42' title="bbox 243 2189 1827 2262; baseline -0.001 -17"><span class='ocrx_word' id='word_1_309' title='bbox 243 2189 328 2248; x_wconf 88' lang='lat' dir='ltr'><strong><em>Sit</em></strong></span> <span class='ocrx_word' id='word_1_310' title='bbox 374 2190 445 2245; x_wconf 90' lang='lat' dir='ltr'><strong><em>ad</em></strong></span> <span class='ocrx_word' id='word_1_311' title='bbox 473 2205 557 2262; x_wconf 86' lang='lat' dir='ltr'><strong><em>eos</em></strong></span> <span class='ocrx_word' id='word_1_312' title='bbox 581 2205 703 2262; x_wconf 57' lang='lat' dir='ltr'><strong><em>vox</em></strong></span> <span class='ocrx_word' id='word_1_313' title='bbox 739 2199 914 2262; x_wconf 82' lang='lat' dir='ltr'><strong><em>nostra</em></strong></span> <span class='ocrx_word' id='word_1_314' title='bbox 956 2190 1202 2262; x_wconf 75' lang='lat' dir='ltr'><strong><em>memoria</em></strong></span> <span class='ocrx_word' id='word_1_315' title='bbox 1228 2199 1414 2262; x_wconf 79' lang='lat' dir='ltr'><strong><em>vestra.</em></strong></span> <span class='ocrx_word' id='word_1_316' title='bbox 1448 2189 1698 2262; x_wconf 82' lang='lat' dir='ltr'><strong><em>Corrigite</em></strong></span> <span class='ocrx_word' id='word_1_317' title='bbox 1738 2207 1827 2244; x_wconf 82' lang='lat' dir='ltr'><strong><em>ar-</em></strong></span> 
     </span>
    </p>
   </div>
   <div class='ocr_carea' id='block_1_42' title="bbox 241 2257 1826 2333">
    <p class='ocr_par' dir='ltr' id='par_1_42' title="bbox 241 2257 1826 2333">
     <span class='ocr_line' id='line_1_43' title="bbox 241 2257 1826 2333; baseline 0.003 -19"><span class='ocrx_word' id='word_1_318' title='bbox 241 2262 446 2333; x_wconf 86' lang='lat' dir='ltr'><strong><em>guendo</em></strong></span> <span class='ocrx_word' id='word_1_319' title='bbox 473 2259 616 2331; x_wconf 90' lang='lat' dir='ltr'><strong><em>(cod.</em></strong></span> <span class='ocrx_word' id='word_1_320' title='bbox 664 2259 704 2314; x_wconf 85' lang='lat' dir='ltr'><strong>F</strong></span> <span class='ocrx_word' id='word_1_321' title='bbox 708 2260 844 2314; x_wconf 90' lang='lat' dir='ltr'><strong><em>esui.</em></strong></span> <span class='ocrx_word' id='word_1_322' title='bbox 876 2257 1177 2333; x_wconf 83' lang='lat' dir='ltr'><strong><em>corrigenda</em></strong></span> <span class='ocrx_word' id='word_1_323' title='bbox 1206 2260 1424 2333; x_wconf 87' lang='lat' dir='ltr'><strong><em>arguite)</em></strong></span> <span class='ocrx_word' id='word_1_324' title='bbox 1445 2302 1459 2320; x_wconf 89' lang='lat'><strong><em>.</em></strong></span> <span class='ocrx_word' id='word_1_325' title='bbox 1494 2257 1826 2318; x_wconf 69' lang='lat' dir='ltr'><strong><em>coniolaniini</em></strong></span> 
     </span>
    </p>
   </div>
   <div class='ocr_carea' id='block_1_43' title="bbox 244 2329 1826 2402">
    <p class='ocr_par' dir='ltr' id='par_1_43' title="bbox 244 2329 1826 2402">
     <span class='ocr_line' id='line_1_44' title="bbox 244 2329 1826 2402; baseline 0.002 -17"><span class='ocrx_word' id='word_1_326' title='bbox 244 2329 573 2402; x_wconf 78' lang='lat' dir='ltr'><strong><em>alloquendo,</em></strong></span> <span class='ocrx_word' id='word_1_327' title='bbox 596 2333 884 2402; x_wconf 83' lang='lat' dir='ltr'><strong><em>exemplum</em></strong></span> <span class='ocrx_word' id='word_1_328' title='bbox 913 2331 1128 2402; x_wconf 62' lang='lat' dir='ltr'><strong><em>praebete</em></strong></span> <span class='ocrx_word' id='word_1_329' title='bbox 1145 2329 1281 2402; x_wconf 80' lang='lat' dir='ltr'><strong><em>bene</em></strong></span> <span class='ocrx_word' id='word_1_330' title='bbox 1301 2330 1402 2400; x_wconf 87' lang='lat' dir='ltr'><strong><em>(sic</em></strong></span> <span class='ocrx_word' id='word_1_331' title='bbox 1418 2333 1571 2399; x_wconf 89' lang='lat' dir='ltr'><strong><em>edit.,</em></strong></span> <span class='ocrx_word' id='word_1_332' title='bbox 1601 2349 1700 2387; x_wconf 82' lang='lat' dir='ltr'><strong><em>vox</em></strong></span> <span class='ocrx_word' id='word_1_333' title='bbox 1728 2333 1826 2388; x_wconf 85' lang='lat' dir='ltr'><strong><em>ista</em></strong></span> 
     </span>
    </p>
   </div>
   <div class='ocr_carea' id='block_1_44' title="bbox 243 2399 1829 2471">
    <p class='ocr_par' dir='ltr' id='par_1_44' title="bbox 243 2399 1829 2471">
     <span class='ocr_line' id='line_1_45' title="bbox 243 2399 1829 2471; baseline 0 -13"><span class='ocrx_word' id='word_1_334' title='bbox 243 2399 398 2458; x_wconf 82' lang='lat' dir='ltr'><strong><em>deest</em></strong></span> <span class='ocrx_word' id='word_1_335' title='bbox 421 2403 474 2458; x_wconf 90' lang='lat' dir='ltr'><strong><em>in</em></strong></span> <span class='ocrx_word' id='word_1_336' title='bbox 500 2403 646 2471; x_wconf 91' lang='lat' dir='ltr'><strong><em>cod.)</em></strong></span> <span class='ocrx_word' id='word_1_337' title='bbox 668 2399 899 2471; x_wconf 86' lang='lat' dir='ltr'><strong><em>vivendo.</em></strong></span> <span class='ocrx_word' id='word_1_338' title='bbox 923 2399 1181 2455; x_wconf 80' lang='lat' dir='ltr'><strong><em>Aderiteis</em></strong></span> <span class='ocrx_word' id='word_1_339' title='bbox 1213 2399 1498 2471; x_wconf 42' lang='lat' dir='ltr'><strong><em>qui&#39;adfuit</em></strong></span> <span class='ocrx_word' id='word_1_340' title='bbox 1518 2404 1674 2457; x_wconf 81' lang='lat' dir='ltr'><strong><em>vobis.</em></strong></span> <span class='ocrx_word' id='word_1_341' title='bbox 1703 2403 1829 2458; x_wconf 87' lang='lat' dir='ltr'><strong><em>Non</em></strong></span> 
     </span>
    </p>
   </div>
   <div class='ocr_carea' id='block_1_45' title="bbox 243 2470 1829 2543">
    <p class='ocr_par' dir='ltr' id='par_1_45' title="bbox 243 2470 1829 2543">
     <span class='ocr_line' id='line_1_46' title="bbox 243 2470 1829 2543; baseline 0.001 -15"><span class='ocrx_word' id='word_1_342' title='bbox 243 2475 383 2529; x_wconf 84' lang='lat' dir='ltr'><strong><em>enim</em></strong></span> <span class='ocrx_word' id='word_1_343' title='bbox 411 2475 547 2528; x_wconf 81' lang='lat' dir='ltr'><strong><em>vobis</em></strong></span> <span class='ocrx_word' id='word_1_344' title='bbox 567 2470 665 2528; x_wconf 89' lang='lat' dir='ltr'><strong><em>ista</em></strong></span> <span class='ocrx_word' id='word_1_345' title='bbox 685 2470 912 2543; x_wconf 86' lang='lat' dir='ltr'><strong><em>pericula</em></strong></span> <span class='ocrx_word' id='word_1_346' title='bbox 928 2473 1298 2543; x_wconf 74' lang='lat' dir='ltr'><strong><em>pra&#39;tergressis</em></strong></span> <span class='ocrx_word' id='word_1_347' title='bbox 1325 2470 1440 2543; x_wconf 80' lang='lat' dir='ltr'><strong><em>fons</em></strong></span> <span class='ocrx_word' id='word_1_348' title='bbox 1464 2473 1829 2530; x_wconf 79' lang='lat' dir='ltr'><strong><em>misericordia:</em></strong></span> 
     </span>
    </p>
   </div>
   <div class='ocr_carea' id='block_1_46' title="bbox 246 2541 1825 2614">
    <p class='ocr_par' dir='ltr' id='par_1_46' title="bbox 246 2541 1825 2614">
     <span class='ocr_line' id='line_1_47' title="bbox 246 2541 1825 2614; baseline 0.001 -16"><span class='ocrx_word' id='word_1_349' title='bbox 246 2543 347 2599; x_wconf 89' lang='lat' dir='ltr'><strong><em>Dei</em></strong></span> <span class='ocrx_word' id='word_1_350' title='bbox 373 2545 615 2614; x_wconf 63' lang='lat' dir='ltr'><strong><em>praecisus</em></strong></span> <span class='ocrx_word' id='word_1_351' title='bbox 635 2541 730 2598; x_wconf 84' lang='lat' dir='ltr'><strong><em>est.</em></strong></span> <span class='ocrx_word' id='word_1_352' title='bbox 757 2542 871 2611; x_wconf 82' lang='lat' dir='ltr'><strong><em>Qua</em></strong></span> <span class='ocrx_word' id='word_1_353' title='bbox 895 2541 1130 2614; x_wconf 86' lang='lat' dir='ltr'><strong><em>venistis,</em></strong></span> <span class='ocrx_word' id='word_1_354' title='bbox 1156 2541 1384 2608; x_wconf 86' lang='lat' dir='ltr'><strong><em>venient;</em></strong></span> <span class='ocrx_word' id='word_1_355' title='bbox 1425 2561 1526 2610; x_wconf 88' lang='lat' dir='ltr'><strong><em>qua</em></strong></span> <span class='ocrx_word' id='word_1_356' title='bbox 1551 2547 1825 2612; x_wconf 82' lang='lat' dir='ltr'><strong><em>lransistis,</em></strong></span> 
     </span>
    </p>
   </div>
   <div class='ocr_carea' id='block_1_47' title="bbox 247 2613 1828 2681">
    <p class='ocr_par' dir='ltr' id='par_1_47' title="bbox 247 2613 1828 2681">
     <span class='ocr_line' id='line_1_48' title="bbox 247 2613 1828 2681; baseline 0.001 -12"><span class='ocrx_word' id='word_1_357' title='bbox 247 2613 558 2670; x_wconf 84' lang='lat' dir='ltr'><strong><em>trmtsibunt.</em></strong></span> <span class='ocrx_word' id='word_1_358' title='bbox 607 2614 877 2669; x_wconf 81' lang='lat' dir='ltr'><strong><em>Molestum</em></strong></span> <span class='ocrx_word' id='word_1_359' title='bbox 906 2613 1209 2681; x_wconf 86' lang='lat' dir='ltr'><strong><em>estquidem</em></strong></span> <span class='ocrx_word' id='word_1_360' title='bbox 1251 2624 1297 2668; x_wconf 91' lang='lat' dir='ltr'><strong><em>et</em></strong></span> <span class='ocrx_word' id='word_1_361' title='bbox 1325 2615 1536 2669; x_wconf 91' lang='lat' dir='ltr'><strong><em>nimium</em></strong></span> <span class='ocrx_word' id='word_1_362' title='bbox 1573 2618 1828 2681; x_wconf 87' lang='lat' dir='ltr'><strong><em>periculo-</em></strong></span> 
     </span>
    </p>
   </div>
   <div class='ocr_carea' id='block_1_48' title="bbox 243 2634 1830 2758">
    <p class='ocr_par' dir='ltr' id='par_1_48' title="bbox 243 2634 1830 2758">
     <span class='ocr_line' id='line_1_49' title="bbox 247 2634 1828 2681; baseline 0.001 -12"><span class='ocrx_word' id='word_1_363' title='bbox 247 2634 558 2670; x_wconf 84' lang='lat' dir='ltr'><strong><em>trmtstvunt.</em></strong></span> <span class='ocrx_word' id='word_1_364' title='bbox 607 2634 877 2669; x_wconf 80' lang='lat' dir='ltr'><strong><em>motestum</em></strong></span> <span class='ocrx_word' id='word_1_365' title='bbox 906 2634 979 2667; x_wconf 83' lang='lat' dir='ltr'><strong><em>est</em></strong></span> <span class='ocrx_word' id='word_1_366' title='bbox 1001 2634 1209 2681; x_wconf 74' lang='lat' dir='ltr'><strong><em>quidem</em></strong></span> <span class='ocrx_word' id='word_1_367' title='bbox 1251 2634 1297 2668; x_wconf 83' lang='lat' dir='ltr'><strong><em>et</em></strong></span> <span class='ocrx_word' id='word_1_368' title='bbox 1325 2634 1536 2669; x_wconf 79' lang='lat' dir='ltr'><strong><em>nlt‘mum</em></strong></span> <span class='ocrx_word' id='word_1_369' title='bbox 1608 2634 1828 2672; x_wconf 85' lang='lat' dir='ltr'><strong><em>ertcuto-</em></strong></span> 
     </span>
     <span class='ocr_line' id='line_1_50' title="bbox 243 2634 1830 2758; baseline 0.001 -17"><span class='ocrx_word' id='word_1_370' title='bbox 243 2703 381 2751; x_wconf 90' lang='lat' dir='ltr'><strong><em>sunt,</em></strong></span> <span class='ocrx_word' id='word_1_371' title='bbox 425 2698 474 2741; x_wconf 92' lang='lat' dir='ltr'><strong><em>et</em></strong></span> <span class='ocrx_word' id='word_1_372' title='bbox 517 2703 607 2756; x_wconf 89' lang='lat' dir='ltr'><strong><em>pro</em></strong></span> <span class='ocrx_word' id='word_1_373' title='bbox 637 2695 774 2740; x_wconf 92' lang='lat' dir='ltr'><strong><em>certo</em></strong></span> <span class='ocrx_word' id='word_1_374' title='bbox 804 2681 1084 2752; x_wconf 87' lang='lat' dir='ltr'><strong><em>exitiabile,</em></strong></span> <span class='ocrx_word' id='word_1_375' title='bbox 1119 2686 1258 2758; x_wconf 88' lang='lat' dir='ltr'><strong><em>quod</em></strong></span> <span class='ocrx_word' id='word_1_376' title='bbox 1300 2703 1333 2740; x_wconf 91' lang='lat' dir='ltr'><strong><em>a</em></strong></span> <span class='ocrx_word' id='word_1_377' title='bbox 1385 2687 1526 2741; x_wconf 92' lang='lat' dir='ltr'><strong><em>nobis</em></strong></span> <span class='ocrx_word' id='word_1_378' title='bbox 1547 2634 1830 2758; x_wconf 45' lang='lat' dir='ltr'><strong><em>frequenter</em></strong></span> 
     </span>
    </p>
   </div>
   <div class='ocr_carea' id='block_1_49' title="bbox 248 2756 1831 2828">
    <p class='ocr_par' dir='ltr' id='par_1_49' title="bbox 248 2756 1831 2828">
     <span class='ocr_line' id='line_1_51' title="bbox 248 2756 1831 2828; baseline -0.001 -15"><span class='ocrx_word' id='word_1_379' title='bbox 248 2758 524 2822; x_wconf 87' lang='lat' dir='ltr'><strong><em>admoniti,</em></strong></span> <span class='ocrx_word' id='word_1_380' title='bbox 571 2773 671 2811; x_wconf 88' lang='lat' dir='ltr'><strong><em>non</em></strong></span> <span class='ocrx_word' id='word_1_381' title='bbox 706 2757 1031 2828; x_wconf 84' lang='lat' dir='ltr'><strong><em>ignorantes,</em></strong></span> <span class='ocrx_word' id='word_1_382' title='bbox 1059 2756 1150 2828; x_wconf 83' lang='lat' dir='ltr'><strong><em>sed</em></strong></span> <span class='ocrx_word' id='word_1_383' title='bbox 1179 2758 1390 2828; x_wconf 79' lang='lat' dir='ltr'><strong><em>scientes</em></strong></span> <span class='ocrx_word' id='word_1_384' title='bbox 1418 2756 1646 2828; x_wconf 79' lang='lat' dir='ltr'><strong><em>peccant.</em></strong></span> <span class='ocrx_word' id='word_1_385' title='bbox 1671 2759 1831 2820; x_wconf 79' lang='lat' dir='ltr'><strong><em>Aliter</em></strong></span> 
     </span>
    </p>
   </div>
   <div class='ocr_carea' id='block_1_50' title="bbox 245 2826 1832 2900">
    <p class='ocr_par' dir='ltr' id='par_1_50' title="bbox 245 2826 1832 2900">
     <span class='ocr_line' id='line_1_52' title="bbox 245 2826 1832 2900; baseline 0.002 -18"><span class='ocrx_word' id='word_1_386' title='bbox 245 2841 417 2884; x_wconf 91' lang='lat' dir='ltr'><strong><em>autem</em></strong></span> <span class='ocrx_word' id='word_1_387' title='bbox 445 2830 531 2883; x_wconf 90' lang='lat' dir='ltr'><strong><em>ille</em></strong></span> <span class='ocrx_word' id='word_1_388' title='bbox 555 2830 640 2900; x_wconf 86' lang='lat' dir='ltr'><strong><em>qui</em></strong></span> <span class='ocrx_word' id='word_1_389' title='bbox 657 2826 917 2900; x_wconf 79' lang='lat' dir='ltr'><strong><em>nonnovit</em></strong></span> <span class='ocrx_word' id='word_1_390' title='bbox 939 2826 1082 2900; x_wconf 81' lang='lat' dir='ltr'><strong><em>quod</em></strong></span> <span class='ocrx_word' id='word_1_391' title='bbox 1099 2826 1283 2900; x_wconf 84' lang='lat' dir='ltr'><strong><em>fugiat.</em></strong></span> <span class='ocrx_word' id='word_1_392' title='bbox 1308 2826 1428 2883; x_wconf 90' lang='lat' dir='ltr'><strong><em>Sed</em></strong></span> <span class='ocrx_word' id='word_1_393' title='bbox 1444 2845 1534 2882; x_wconf 90' lang='lat' dir='ltr'><strong><em>nec</em></strong></span> <span class='ocrx_word' id='word_1_394' title='bbox 1561 2830 1625 2884; x_wconf 89' lang='lat' dir='ltr'><strong><em>de</em></strong></span> <span class='ocrx_word' id='word_1_395' title='bbox 1645 2830 1832 2885; x_wconf 80' lang='lat' dir='ltr'><strong><em>talibus</em></strong></span> 
     </span>
    </p>
   </div>
   <div class='ocr_carea' id='block_1_51' title="bbox 245 2895 1833 2972">
    <p class='ocr_par' dir='ltr' id='par_1_51' title="bbox 245 2895 1833 2972">
     <span class='ocr_line' id='line_1_53' title="bbox 245 2895 1833 2972; baseline -0.002 -16"><span class='ocrx_word' id='word_1_396' title='bbox 245 2901 504 2968; x_wconf 81' lang='lat' dir='ltr'><strong><em>desperari</em></strong></span> <span class='ocrx_word' id='word_1_397' title='bbox 535 2895 714 2972; x_wconf 72' lang='lat' dir='ltr'><strong><em>(codd.</em></strong></span> <span class='ocrx_word' id='word_1_398' title='bbox 739 2895 1030 2972; x_wconf 82' lang='lat' dir='ltr'><strong><em>desperare)</em></strong></span> <span class='ocrx_word' id='word_1_399' title='bbox 1049 2895 1230 2972; x_wconf 74' lang='lat' dir='ltr'><strong><em>debere</em></strong></span> <span class='ocrx_word' id='word_1_400' title='bbox 1250 2900 1502 2955; x_wconf 85' lang='lat' dir='ltr'><strong><em>evidenter</em></strong></span> <span class='ocrx_word' id='word_1_401' title='bbox 1522 2901 1740 2972; x_wconf 78' lang='lat' dir='ltr'><strong><em>ostendit</em></strong></span> <span class='ocrx_word' id='word_1_402' title='bbox 1761 2902 1833 2954; x_wconf 84' lang='lat' dir='ltr'><strong><em>di-</em></strong></span> 
     </span>
    </p>
   </div>
   <div class='ocr_carea' id='block_1_52' title="bbox 253 2965 1833 3039">
    <p class='ocr_par' dir='ltr' id='par_1_52' title="bbox 253 2965 1833 3039">
     <span class='ocr_line' id='line_1_54' title="bbox 253 2965 1833 3039; baseline -0.002 -11"><span class='ocrx_word' id='word_1_403' title='bbox 253 2965 386 3028; x_wconf 76' lang='lat' dir='ltr'><strong><em>vinte</em></strong></span> <span class='ocrx_word' id='word_1_404' title='bbox 423 2965 784 3028; x_wconf 78' lang='lat' dir='ltr'><strong><em>ntisericordite</em></strong></span> <span class='ocrx_word' id='word_1_405' title='bbox 820 2965 1141 3038; x_wconf 80' lang='lat' dir='ltr'><strong><em>magnitudo,</em></strong></span> <span class='ocrx_word' id='word_1_406' title='bbox 1170 2985 1286 3039; x_wconf 79' lang='lat' dir='ltr'><strong><em>qua:</em></strong></span> <span class='ocrx_word' id='word_1_407' title='bbox 1327 2987 1429 3023; x_wconf 89' lang='lat' dir='ltr'><strong><em>non</em></strong></span> <span class='ocrx_word' id='word_1_408' title='bbox 1467 2970 1577 3024; x_wconf 85' lang='lat' dir='ltr'><strong><em>vult</em></strong></span> <span class='ocrx_word' id='word_1_409' title='bbox 1624 2981 1833 3026; x_wconf 89' lang='lat' dir='ltr'><strong><em>mortem</em></strong></span> 
     </span>
    </p>
   </div>
   <div class='ocr_carea' id='block_1_53' title="bbox 247 3039 1834 3114">
    <p class='ocr_par' dir='ltr' id='par_1_53' title="bbox 247 3039 1834 3114">
     <span class='ocr_line' id='line_1_55' title="bbox 247 3039 1834 3114; baseline 0 -19"><span class='ocrx_word' id='word_1_410' title='bbox 247 3044 545 3114; x_wconf 80' lang='lat' dir='ltr'><strong><em>peccatoris,</em></strong></span> <span class='ocrx_word' id='word_1_411' title='bbox 570 3043 658 3099; x_wconf 91' lang='lat' dir='ltr'><strong><em>sed</em></strong></span> <span class='ocrx_word' id='word_1_412' title='bbox 684 3051 738 3096; x_wconf 91' lang='lat' dir='ltr'><strong><em>ut</em></strong></span> <span class='ocrx_word' id='word_1_413' title='bbox 757 3046 1076 3114; x_wconf 70' lang='lat' dir='ltr'><strong><em>convertatur</em></strong></span> <span class='ocrx_word' id='word_1_414' title='bbox 1108 3040 1323 3114; x_wconf 75' lang='lat' dir='ltr'><strong><em>etvivat.</em></strong></span> <span class='ocrx_word' id='word_1_415' title='bbox 1358 3039 1588 3108; x_wconf 85' lang='lat' dir='ltr'><strong><em>Denique</em></strong></span> <span class='ocrx_word' id='word_1_416' title='bbox 1613 3042 1665 3094; x_wconf 90' lang='lat' dir='ltr'><strong><em>in</em></strong></span> <span class='ocrx_word' id='word_1_417' title='bbox 1690 3042 1834 3114; x_wconf 84' lang='lat' dir='ltr'><strong><em>beata</em></strong></span> 
     </span>
    </p>
   </div>
   <div class='ocr_carea' id='block_1_54' title="bbox 250 3105 1834 3183">
    <p class='ocr_par' dir='ltr' id='par_1_54' title="bbox 250 3105 1834 3183">
     <span class='ocr_line' id='line_1_56' title="bbox 250 3105 1834 3183; baseline -0.002 -15"><span class='ocrx_word' id='word_1_418' title='bbox 250 3105 418 3168; x_wconf 80' lang='lat' dir='ltr'><strong><em>David</em></strong></span> <span class='ocrx_word' id='word_1_419' title='bbox 463 3105 558 3169; x_wconf 82' lang='lat' dir='ltr'><strong><em>hoc</em></strong></span> <span class='ocrx_word' id='word_1_420' title='bbox 597 3112 1008 3183; x_wconf 74' lang='lat' dir='ltr'><strong><em>trioni/estissime</em></strong></span> <span class='ocrx_word' id='word_1_421' title='bbox 1046 3105 1314 3183; x_wconf 77' lang='lat' dir='ltr'><strong><em>impletum</em></strong></span> <span class='ocrx_word' id='word_1_422' title='bbox 1344 3126 1451 3183; x_wconf 87' lang='lat' dir='ltr'><strong><em>esse</em></strong></span> <span class='ocrx_word' id='word_1_423' title='bbox 1484 3105 1834 3179; x_wconf 81' lang='lat' dir='ltr'><strong><em>cognoscimus</em></strong></span> 
     </span>
    </p>
   </div>
   <div class='ocr_carea' id='block_1_55' title="bbox 250 3180 1836 3260">
    <p class='ocr_par' dir='ltr' id='par_1_55' title="bbox 250 3180 1836 3260">
     <span class='ocr_line' id='line_1_57' title="bbox 250 3180 1836 3260; baseline -0.003 -20"><span class='ocrx_word' id='word_1_424' title='bbox 250 3185 358 3257; x_wconf 77' lang='lat' dir='ltr'><strong><em>(sic</em></strong></span> <span class='ocrx_word' id='word_1_425' title='bbox 385 3187 504 3240; x_wconf 90' lang='lat' dir='ltr'><strong><em>cod.</em></strong></span> <span class='ocrx_word' id='word_1_426' title='bbox 539 3185 719 3260; x_wconf 73' lang='lat' dir='ltr'><strong><em>Fesui,</em></strong></span> <span class='ocrx_word' id='word_1_427' title='bbox 740 3180 879 3260; x_wconf 73' lang='lat' dir='ltr'><strong><em>cod.</em></strong></span> <span class='ocrx_word' id='word_1_428' title='bbox 920 3180 1069 3260; x_wconf 44' lang='lat' dir='ltr'><strong><em>Mdg.</em></strong></span> <span class='ocrx_word' id='word_1_429' title='bbox 1097 3180 1455 3250; x_wconf 80' lang='lat' dir='ltr'><strong><em>cognovimus)</em></strong></span> <span class='ocrx_word' id='word_1_430' title='bbox 1484 3183 1632 3252; x_wconf 83' lang='lat' dir='ltr'><strong><em>cujus</em></strong></span> <span class='ocrx_word' id='word_1_431' title='bbox 1659 3197 1836 3260; x_wconf 71' lang='lat' dir='ltr'><strong><em>pecea-</em></strong></span> 
     </span>
    </p>
   </div>
   <div class='ocr_carea' id='block_1_56' title="bbox 244 3249 1834 3329">
    <p class='ocr_par' dir='ltr' id='par_1_56' title="bbox 244 3249 1834 3329">
     <span class='ocr_line' id='line_1_58' title="bbox 244 3249 1834 3329; baseline -0.002 -18"><span class='ocrx_word' id='word_1_432' title='bbox 244 3249 360 3312; x_wconf 76' lang='lat' dir='ltr'><strong><em>tum</em></strong></span> <span class='ocrx_word' id='word_1_433' title='bbox 385 3266 499 3312; x_wconf 83' lang='lat' dir='ltr'><strong><em>cum</em></strong></span> <span class='ocrx_word' id='word_1_434' title='bbox 530 3258 709 3311; x_wconf 86' lang='lat' dir='ltr'><strong><em>dolore</em></strong></span> <span class='ocrx_word' id='word_1_435' title='bbox 734 3253 940 3329; x_wconf 81' lang='lat' dir='ltr'><strong><em>quidem</em></strong></span> <span class='ocrx_word' id='word_1_436' title='bbox 969 3249 1185 3329; x_wconf 69' lang='lat' dir='ltr'><strong><em>dicimus</em></strong></span> <span class='ocrx_word' id='word_1_437' title='bbox 1213 3260 1262 3329; x_wconf 75' lang='lat' dir='ltr'><strong><em>et</em></strong></span> <span class='ocrx_word' id='word_1_438' title='bbox 1300 3249 1672 3329; x_wconf 55' lang='lat' dir='ltr'><strong><em>tremore,&#39;etc.</em></strong></span> <span class='ocrx_word' id='word_1_439' title='bbox 1717 3253 1834 3308; x_wconf 72' lang='lat' dir='ltr'><strong><em>Cte-</em></strong></span> 
     </span>
    </p>
   </div>
   <div class='ocr_carea' id='block_1_57' title="bbox 244 3321 1669 3397">
    <p class='ocr_par' dir='ltr' id='par_1_57' title="bbox 244 3321 1669 3397">
     <span class='ocr_line' id='line_1_59' title="bbox 244 3321 1669 3397; baseline -0.004 -12"><span class='ocrx_word' id='word_1_440' title='bbox 244 3337 364 3385; x_wconf 81' lang='lat' dir='ltr'><strong><em>tera</em></strong></span> <span class='ocrx_word' id='word_1_441' title='bbox 387 3337 682 3397; x_wconf 85' lang='lat' dir='ltr'><strong><em>sequuntur</em></strong></span> <span class='ocrx_word' id='word_1_442' title='bbox 709 3321 764 3382; x_wconf 74' lang='lat' dir='ltr'><strong><em>ut</em></strong></span> <span class='ocrx_word' id='word_1_443' title='bbox 787 3325 980 3397; x_wconf 69' lang='lat' dir='ltr'><strong><em>legitur</em></strong></span> <span class='ocrx_word' id='word_1_444' title='bbox 1005 3321 1063 3373; x_wconf 87' lang='lat' dir='ltr'><strong><em>in</em></strong></span> <span class='ocrx_word' id='word_1_445' title='bbox 1088 3321 1221 3397; x_wconf 67' lang='lat' dir='ltr'><strong><em>odit.</em></strong></span> <span class='ocrx_word' id='word_1_446' title='bbox 1251 3323 1401 3397; x_wconf 67' lang='lat' dir='ltr'><strong><em>initio</em></strong></span> <span class='ocrx_word' id='word_1_447' title='bbox 1429 3339 1577 3379; x_wconf 81' lang='lat' dir='ltr'><strong><em>num.</em></strong></span> <span class='ocrx_word' id='word_1_448' title='bbox 1595 3321 1669 3397; x_wconf 67' lang='lat'><strong><em>2.</em></strong></span> 
     </span>
    </p>
   </div>
   <div class='ocr_carea' id='block_1_58' title="bbox 317 3389 1840 3468">
    <p class='ocr_par' dir='ltr' id='par_1_58' title="bbox 317 3389 1840 3468">
     <span class='ocr_line' id='line_1_60' title="bbox 317 3389 1840 3468; baseline -0.002 -17"><span class='ocrx_word' id='word_1_449' title='bbox 317 3397 380 3451; x_wconf 80' lang='grc' dir='ltr'><strong>Ν.</strong></span> <span class='ocrx_word' id='word_1_450' title='bbox 423 3389 482 3452; x_wconf 68' lang='grc' dir='ltr'><strong><em>Ξῖ</em></strong></span> <span class='ocrx_word' id='word_1_451' title='bbox 532 3397 705 3468; x_wconf 83' lang='lat' dir='ltr'><strong><em>Hujus</em></strong></span> <span class='ocrx_word' id='word_1_452' title='bbox 777 3389 1003 3468; x_wconf 77' lang='lat' dir='ltr'><strong><em>mulieris</em></strong></span> <span class='ocrx_word' id='word_1_453' title='bbox 1145 3389 1244 3468; x_wconf 84' lang='lat' dir='ltr'><strong><em>Iid.</em></strong></span> <span class='ocrx_word' id='word_1_454' title='bbox 1289 3391 1482 3468; x_wconf 76' lang='lat' dir='ltr'><strong><em>Beatus</em></strong></span> <span class='ocrx_word' id='word_1_455' title='bbox 1519 3393 1840 3468; x_wconf 80' lang='lat' dir='ltr'><strong><em>enimDavid</em></strong></span> 
     </span>
    </p>
   </div>
   <div class='ocr_carea' id='block_1_59' title="bbox 239 3465 1850 3536">
    <p class='ocr_par' dir='ltr' id='par_1_59' title="bbox 239 3465 1850 3536">
     <span class='ocr_line' id='line_1_61' title="bbox 239 3465 1850 3536; baseline -0.002 -12"><span class='ocrx_word' id='word_1_456' title='bbox 239 3470 424 3524; x_wconf 81' lang='lat' dir='ltr'><strong><em>uxoris</em></strong></span> <span class='ocrx_word' id='word_1_457' title='bbox 441 3465 628 3524; x_wconf 64' lang='lat' dir='ltr'><strong><em>alienat</em></strong></span> <span class='ocrx_word' id='word_1_458' title='bbox 637 3465 1008 3536; x_wconf 83' lang='lat' dir='ltr'><strong><em>pulchritudine</em></strong></span> <span class='ocrx_word' id='word_1_459' title='bbox 1077 3465 1254 3520; x_wconf 71' lang='lat' dir='ltr'><strong><em>uxoris</em></strong></span> <span class='ocrx_word' id='word_1_460' title='bbox 1270 3465 1454 3522; x_wconf 74' lang='lat' dir='ltr'><strong><em>aliena</em></strong></span> <span class='ocrx_word' id='word_1_461' title='bbox 1473 3465 1850 3536; x_wconf 81' lang='lat' dir='ltr'><strong><em>pulchritudine</em></strong></span> 
     </span>
    </p>
   </div>
   <div class='ocr_carea' id='block_1_60' title="bbox 238 3543 1420 3608">
    <p class='ocr_par' dir='ltr' id='par_1_60' title="bbox 238 3543 1420 3608">
     <span class='ocr_line' id='line_1_62' title="bbox 238 3543 1420 3608; baseline -0.003 -15"><span class='ocrx_word' id='word_1_462' title='bbox 238 3548 449 3608; x_wconf 84' lang='lat' dir='ltr'><strong><em>captus,</em></strong></span> <span class='ocrx_word' id='word_1_463' title='bbox 480 3553 585 3594; x_wconf 85' lang='lat' dir='ltr'><strong><em>etc.</em></strong></span> <span class='ocrx_word' id='word_1_464' title='bbox 1086 3544 1289 3608; x_wconf 73' lang='lat' dir='ltr'><strong><em>captus,</em></strong></span> <span class='ocrx_word' id='word_1_465' title='bbox 1303 3543 1420 3608; x_wconf 64' lang='lat' dir='ltr'><strong><em>etc.</em></strong></span> 
     </span>
    </p>
   </div>
   <div class='ocr_carea' id='block_1_61' title="bbox 323 3605 1849 3666">
    <p class='ocr_par' dir='ltr' id='par_1_61' title="bbox 323 3605 1849 3666">
     <span class='ocr_line' id='line_1_63' title="bbox 323 3605 1849 3666; baseline -0.002 0"><span class='ocrx_word' id='word_1_466' title='bbox 323 3605 454 3666; x_wconf 87' lang='lat' dir='ltr'><strong><em>Ibid.</em></strong></span> <span class='ocrx_word' id='word_1_467' title='bbox 488 3608 682 3664; x_wconf 76' lang='lat' dir='ltr'><strong><em>Missus</em></strong></span> <span class='ocrx_word' id='word_1_468' title='bbox 703 3619 776 3664; x_wconf 89' lang='lat' dir='ltr'><strong><em>est</em></strong></span> <span class='ocrx_word' id='word_1_469' title='bbox 800 3610 868 3664; x_wconf 89' lang='lat' dir='ltr'><strong><em>ad</em></strong></span> <span class='ocrx_word' id='word_1_470' title='bbox 897 3622 1014 3663; x_wconf 84' lang='lat' dir='ltr'><strong><em>eum</em></strong></span> <span class='ocrx_word' id='word_1_471' title='bbox 1155 3605 1254 3663; x_wconf 89' lang='lat' dir='ltr'><strong><em>Iid.</em></strong></span> <span class='ocrx_word' id='word_1_472' title='bbox 1291 3605 1486 3662; x_wconf 71' lang='lat' dir='ltr'><strong><em>Missus</em></strong></span> <span class='ocrx_word' id='word_1_473' title='bbox 1513 3617 1585 3661; x_wconf 89' lang='lat' dir='ltr'><strong><em>est</em></strong></span> <span class='ocrx_word' id='word_1_474' title='bbox 1633 3609 1702 3662; x_wconf 86' lang='lat' dir='ltr'><strong><em>ad</em></strong></span> <span class='ocrx_word' id='word_1_475' title='bbox 1734 3624 1849 3663; x_wconf 87' lang='lat' dir='ltr'><strong><em>eum</em></strong></span> 
     </span>
    </p>
   </div>
   <div class='ocr_carea' id='block_1_62' title="bbox 241 3676 1847 3808">
    <p class='ocr_par' dir='ltr' id='par_1_62' title="bbox 241 3676 1847 3808">
     <span class='ocr_line' id='line_1_64' title="bbox 241 3676 1847 3808; baseline -0.001 -74"><span class='ocrx_word' id='word_1_476' title='bbox 241 3680 302 3808; x_wconf 56' lang='lat' dir='ltr'><em>ﬁ</em></span> <span class='ocrx_word' id='word_1_477' title='bbox 309 3683 465 3762; x_wconf 76' lang='lat' dir='ltr'><strong><em>athon</em></strong></span> <span class='ocrx_word' id='word_1_478' title='bbox 487 3680 732 3751; x_wconf 73' lang='lat' dir='ltr'><strong><em>propheta</em></strong></span> <span class='ocrx_word' id='word_1_479' title='bbox 747 3725 762 3750; x_wconf 92' lang='lat'><strong><em>,</em></strong></span> <span class='ocrx_word' id='word_1_480' title='bbox 783 3681 966 3735; x_wconf 86' lang='lat' dir='ltr'><strong><em>missus</em></strong></span> <span class='ocrx_word' id='word_1_481' title='bbox 983 3694 1017 3732; x_wconf 89' lang='lat' dir='ltr'><strong><em>a</em></strong></span> <span class='ocrx_word' id='word_1_482' title='bbox 1091 3676 1305 3803; x_wconf 43' lang='lat' dir='ltr'><strong><em>liathan</em></strong></span> <span class='ocrx_word' id='word_1_483' title='bbox 1331 3679 1578 3750; x_wconf 88' lang='lat' dir='ltr'><strong><em>propheta</em></strong></span> <span class='ocrx_word' id='word_1_484' title='bbox 1602 3696 1636 3734; x_wconf 89' lang='lat' dir='ltr'><strong><em>a</em></strong></span> <span class='ocrx_word' id='word_1_485' title='bbox 1663 3681 1847 3734; x_wconf 85' lang='lat' dir='ltr'><strong><em>Domi-</em></strong></span> 
     </span>
     <span class='ocr_line' id='line_1_65' title="bbox 302 3765 1228 3808; baseline -0.004 0"><span class='ocrx_word' id='word_1_486' title='bbox 302 3769 496 3808; x_wconf 88' lang='lat' dir='ltr'><strong><em>amtno.</em></strong></span> <span class='ocrx_word' id='word_1_487' title='bbox 1080 3765 1112 3804; x_wconf 89' lang='lat' dir='ltr'><strong><em>n</em></strong></span> <span class='ocrx_word' id='word_1_488' title='bbox 1151 3787 1168 3805; x_wconf 92' lang='lat'><strong><em>.</em></strong></span> <span class='ocrx_word' id='word_1_489' title='bbox 1217 3779 1228 3786; x_wconf 82' lang='lat'><strong>~</strong></span> 
     </span>
    </p>
   </div>
   <div class='ocr_carea' id='block_1_63' title="bbox 302 3763 1228 3809">
    <p class='ocr_par' dir='ltr' id='par_1_63' title="bbox 302 3763 1228 3809">
     <span class='ocr_line' id='line_1_66' title="bbox 302 3763 1228 3809; baseline -0.004 0"><span class='ocrx_word' id='word_1_490' title='bbox 302 3769 496 3809; x_wconf 81' lang='lat' dir='ltr'><strong><em>omina.</em></strong></span> <span class='ocrx_word' id='word_1_491' title='bbox 1080 3763 1168 3805; x_wconf 70' lang='grc' dir='ltr'><strong><em>πο.</em></strong></span> <span class='ocrx_word' id='word_1_492' title='bbox 1217 3779 1228 3786; x_wconf 52' lang='grc'><strong><em>⁵</em></strong></span> 
     </span>
    </p>
   </div>
   <div class='ocr_carea' id='block_1_64' title="bbox 322 3819 1852 3896">
    <p class='ocr_par' dir='ltr' id='par_1_64' title="bbox 322 3819 1852 3896">
     <span class='ocr_line' id='line_1_67' title="bbox 322 3819 1852 3896; baseline -0.001 -18"><span class='ocrx_word' id='word_1_493' title='bbox 322 3823 387 3880; x_wconf 76' lang='grc' dir='ltr'><strong>Ν.</strong></span> <span class='ocrx_word' id='word_1_494' title='bbox 415 3825 468 3880; x_wconf 80' lang='lat'><strong><em>3.</em></strong></span> <span class='ocrx_word' id='word_1_495' title='bbox 496 3821 619 3879; x_wconf 87' lang='lat' dir='ltr'><strong><em>Non</em></strong></span> <span class='ocrx_word' id='word_1_496' title='bbox 642 3839 761 3896; x_wconf 84' lang='lat' dir='ltr'><strong><em>ergo</em></strong></span> <span class='ocrx_word' id='word_1_497' title='bbox 788 3822 1009 3878; x_wconf 85' lang='lat' dir='ltr'><strong><em>cadendi</em></strong></span> <span class='ocrx_word' id='word_1_498' title='bbox 1153 3821 1247 3876; x_wconf 90' lang='lat' dir='ltr'><strong><em>Iid.</em></strong></span> <span class='ocrx_word' id='word_1_499' title='bbox 1271 3891 1280 3896; x_wconf 93' lang='lat'>_</span> <span class='ocrx_word' id='word_1_500' title='bbox 1305 3819 1623 3896; x_wconf 75' lang='lat' dir='ltr'><strong><em>Non__enim_</em></strong></span> <span class='ocrx_word' id='word_1_501' title='bbox 1635 3822 1852 3896; x_wconf 84' lang='lat' dir='ltr'><strong><em>cadendi</em></strong></span> 
     </span>
    </p>
   </div>
   <div class='ocr_carea' id='block_1_65' title="bbox 240 3891 1850 3969">
    <p class='ocr_par' dir='ltr' id='par_1_65' title="bbox 240 3891 1850 3969">
     <span class='ocr_line' id='line_1_68' title="bbox 240 3891 1850 3969; baseline -0.002 -16"><span class='ocrx_word' id='word_1_502' title='bbox 240 3897 559 3969; x_wconf 66' lang='lat' dir='ltr'><strong><em>exemplum.</em></strong></span> <span class='ocrx_word' id='word_1_503' title='bbox 698 3891 715 3896; x_wconf 67' lang='grc'>⁷</span> <span class='ocrx_word' id='word_1_504' title='bbox 1082 3891 1392 3969; x_wconf 61' lang='lat' dir='ltr'><strong><em>exemplum.</em></strong></span> <span class='ocrx_word' id='word_1_505' title='bbox 1422 3892 1554 3948; x_wconf 81' lang='lat' dir='ltr'><strong><em>Cod.</em></strong></span> <span class='ocrx_word' id='word_1_506' title='bbox 1583 3892 1760 3949; x_wconf 80' lang='lat' dir='ltr'><strong><em>Fesul.</em></strong></span> <span class='ocrx_word' id='word_1_507' title='bbox 1794 3902 1850 3949; x_wconf 86' lang='lat' dir='ltr'><strong><em>ut</em></strong></span> 
     </span>
    </p>
   </div>
   <div class='ocr_carea' id='block_1_66' title="bbox 1084 3962 1544 4035">
    <p class='ocr_par' dir='ltr' id='par_1_66' title="bbox 1084 3962 1544 4035">
     <span class='ocr_line' id='line_1_69' title="bbox 1084 3962 1544 4035; baseline -0.002 -16"><span class='ocrx_word' id='word_1_508' title='bbox 1084 3962 1237 4030; x_wconf 83' lang='lat' dir='ltr'><strong><em>edit.,</em></strong></span> <span class='ocrx_word' id='word_1_509' title='bbox 1261 3962 1384 4019; x_wconf 91' lang='lat' dir='ltr'><strong><em>Non</em></strong></span> <span class='ocrx_word' id='word_1_510' title='bbox 1405 3979 1544 4035; x_wconf 89' lang='lat' dir='ltr'><strong><em>ergo.</em></strong></span> 
     </span>
    </p>
   </div>
   <div class='ocr_carea' id='block_1_67' title="bbox 1157 4035 1849 4090">
    <p class='ocr_par' dir='ltr' id='par_1_67' title="bbox 1157 4035 1849 4090">
     <span class='ocr_line' id='line_1_70' title="bbox 1157 4035 1849 4090; baseline 0.001 -2"><span class='ocrx_word' id='word_1_511' title='bbox 1157 4035 1253 4089; x_wconf 89' lang='lat' dir='ltr'><strong><em>Iid.</em></strong></span> <span class='ocrx_word' id='word_1_512' title='bbox 1285 4036 1344 4090; x_wconf 84' lang='lat' dir='ltr'><strong><em>Si</em></strong></span> <span class='ocrx_word' id='word_1_513' title='bbox 1364 4045 1538 4089; x_wconf 87' lang='lat' dir='ltr'><strong><em>autem</em></strong></span> <span class='ocrx_word' id='word_1_514' title='bbox 1562 4035 1725 4089; x_wconf 80' lang='lat' dir='ltr'><strong><em>David</em></strong></span> <span class='ocrx_word' id='word_1_515' title='bbox 1750 4036 1849 4089; x_wconf 81' lang='lat' dir='ltr'><strong><em>ad-</em></strong></span> 
     </span>
    </p>
   </div>
   <div class='ocr_carea' id='block_1_68' title="bbox 1086 4106 1848 4171">
    <p class='ocr_par' dir='ltr' id='par_1_68' title="bbox 1086 4106 1848 4171">
     <span class='ocr_line' id='line_1_71' title="bbox 1086 4106 1848 4171; baseline -0.003 -9"><span class='ocrx_word' id='word_1_516' title='bbox 1086 4106 1329 4162; x_wconf 79' lang='lat' dir='ltr'><strong><em>ulterium</em></strong></span> <span class='ocrx_word' id='word_1_517' title='bbox 1383 4108 1636 4162; x_wconf 88' lang='lat' dir='ltr'><strong><em>commisit</em></strong></span> <span class='ocrx_word' id='word_1_518' title='bbox 1660 4146 1675 4171; x_wconf 92' lang='lat'><strong><em>,</em></strong></span> <span class='ocrx_word' id='word_1_519' title='bbox 1754 4122 1848 4161; x_wconf 91' lang='lat' dir='ltr'><strong><em>cur</em></strong></span> 
     </span>
    </p>
   </div>
   <div class='ocr_carea' id='block_1_69' title="bbox 1087 4178 1408 4232">
    <p class='ocr_par' dir='ltr' id='par_1_69' title="bbox 1087 4178 1408 4232">
     <span class='ocr_line' id='line_1_72' title="bbox 1087 4178 1408 4232; baseline 0.003 -2"><span class='ocrx_word' id='word_1_520' title='bbox 1087 4194 1190 4232; x_wconf 89' lang='lat' dir='ltr'><strong><em>non</em></strong></span> <span class='ocrx_word' id='word_1_521' title='bbox 1211 4187 1256 4232; x_wconf 86' lang='lat' dir='ltr'><strong><em>et</em></strong></span> <span class='ocrx_word' id='word_1_522' title='bbox 1280 4178 1408 4232; x_wconf 85' lang='lat' dir='ltr'><strong><em>eoo?</em></strong></span> 
     </span>
    </p>
   </div>
   <div class='ocr_carea' id='block_1_70' title="bbox 326 4248 1850 4324">
    <p class='ocr_par' dir='ltr' id='par_1_70' title="bbox 326 4248 1850 4324">
     <span class='ocr_line' id='line_1_73' title="bbox 326 4248 1850 4324; baseline -0.002 -19"><span class='ocrx_word' id='word_1_523' title='bbox 326 4252 459 4307; x_wconf 88' lang='lat' dir='ltr'><strong><em>Ibid.</em></strong></span> <span class='ocrx_word' id='word_1_524' title='bbox 497 4252 620 4309; x_wconf 90' lang='lat' dir='ltr'><strong><em>Non</em></strong></span> <span class='ocrx_word' id='word_1_525' title='bbox 655 4254 867 4308; x_wconf 89' lang='lat' dir='ltr'><strong><em>imitaris</em></strong></span> <span class='ocrx_word' id='word_1_526' title='bbox 893 4254 1006 4324; x_wconf 88' lang='lat' dir='ltr'><strong><em>ejus</em></strong></span> <span class='ocrx_word' id='word_1_527' title='bbox 1157 4248 1257 4324; x_wconf 86' lang='lat' dir='ltr'><strong><em>Iid.</em></strong></span> <span class='ocrx_word' id='word_1_528' title='bbox 1306 4248 1428 4303; x_wconf 86' lang='lat' dir='ltr'><strong><em>Non</em></strong></span> <span class='ocrx_word' id='word_1_529' title='bbox 1478 4248 1696 4324; x_wconf 80' lang='lat' dir='ltr'><strong><em>imitaris</em></strong></span> <span class='ocrx_word' id='word_1_530' title='bbox 1736 4250 1850 4322; x_wconf 79' lang='lat' dir='ltr'><strong><em>ejus</em></strong></span> 
     </span>
    </p>
   </div>
   <div class='ocr_carea' id='block_1_71' title="bbox 248 4320 1773 4391">
    <p class='ocr_par' dir='ltr' id='par_1_71' title="bbox 248 4320 1773 4391">
     <span class='ocr_line' id='line_1_74' title="bbox 248 4320 1773 4391; baseline -0.005 -10"><span class='ocrx_word' id='word_1_531' title='bbox 248 4325 602 4391; x_wconf 76' lang='lat' dir='ltr'><strong><em>sanctitatem,</em></strong></span> <span class='ocrx_word' id='word_1_532' title='bbox 653 4327 742 4380; x_wconf 89' lang='lat' dir='ltr'><strong><em>sed</em></strong></span> <span class='ocrx_word' id='word_1_533' title='bbox 789 4320 1005 4379; x_wconf 66' lang='lat' dir='ltr'><strong><em>imiteris</em></strong></span> <span class='ocrx_word' id='word_1_534' title='bbox 1077 4320 1422 4388; x_wconf 88' lang='lat' dir='ltr'><strong><em>sanctitatem,</em></strong></span> <span class='ocrx_word' id='word_1_535' title='bbox 1443 4321 1532 4374; x_wconf 88' lang='lat' dir='ltr'><strong><em>sed</em></strong></span> <span class='ocrx_word' id='word_1_536' title='bbox 1552 4320 1773 4376; x_wconf 80' lang='lat' dir='ltr'><strong><em>ruinam.</em></strong></span> 
     </span>
    </p>
   </div>
   <div class='ocr_carea' id='block_1_72' title="bbox 248 4409 470 4449">
    <p class='ocr_par' dir='ltr' id='par_1_72' title="bbox 248 4409 470 4449">
     <span class='ocr_line' id='line_1_75' title="bbox 248 4409 470 4449; baseline 0.014 -3"><span class='ocrx_word' id='word_1_537' title='bbox 248 4409 470 4449; x_wconf 88' lang='lat' dir='ltr'><strong><em>rutnant.</em></strong></span> 
     </span>
    </p>
   </div>
   <div class='ocr_carea' id='block_1_73' title="bbox 325 4459 1848 4524">
    <p class='ocr_par' dir='ltr' id='par_1_73' title="bbox 325 4459 1848 4524">
     <span class='ocr_line' id='line_1_76' title="bbox 325 4459 1848 4524; baseline -0.003 -6"><span class='ocrx_word' id='word_1_538' title='bbox 325 4464 454 4520; x_wconf 89' lang='lat' dir='ltr'><strong><em>Ibid.</em></strong></span> <span class='ocrx_word' id='word_1_539' title='bbox 479 4470 582 4523; x_wconf 79' lang='lat' dir='ltr'><strong><em>Alii</em></strong></span> <span class='ocrx_word' id='word_1_540' title='bbox 605 4483 723 4523; x_wconf 79' lang='lat' dir='ltr'><strong><em>vero</em></strong></span> <span class='ocrx_word' id='word_1_541' title='bbox 745 4469 1009 4522; x_wconf 87' lang='lat' dir='ltr'><strong><em>audientes</em></strong></span> <span class='ocrx_word' id='word_1_542' title='bbox 1155 4462 1250 4517; x_wconf 90' lang='lat' dir='ltr'><strong><em>Iid.</em></strong></span> <span class='ocrx_word' id='word_1_543' title='bbox 1285 4463 1390 4518; x_wconf 85' lang='lat' dir='ltr'><strong><em>Sed</em></strong></span> <span class='ocrx_word' id='word_1_544' title='bbox 1435 4461 1553 4515; x_wconf 92' lang='lat' dir='ltr'><strong><em>boni</em></strong></span> <span class='ocrx_word' id='word_1_545' title='bbox 1597 4462 1712 4524; x_wconf 81' lang='lat' dir='ltr'><strong><em>viri,</em></strong></span> <span class='ocrx_word' id='word_1_546' title='bbox 1745 4459 1848 4514; x_wconf 82' lang='lat' dir='ltr'><strong><em>Ec-</em></strong></span> 
     </span>
    </p>
   </div>
   <div class='ocr_carea' id='block_1_74' title="bbox 249 4531 1850 4610">
    <p class='ocr_par' dir='ltr' id='par_1_74' title="bbox 249 4531 1850 4610">
     <span class='ocr_line' id='line_1_77' title="bbox 249 4531 1850 4610; baseline -0.004 -20"><span class='ocrx_word' id='word_1_547' title='bbox 249 4536 540 4610; x_wconf 81' lang='lat' dir='ltr'><strong><em>salttbriter,</em></strong></span> <span class='ocrx_word' id='word_1_548' title='bbox 591 4540 643 4593; x_wconf 90' lang='lat' dir='ltr'><strong><em>in</em></strong></span> <span class='ocrx_word' id='word_1_549' title='bbox 691 4555 812 4593; x_wconf 86' lang='lat' dir='ltr'><strong><em>casu</em></strong></span> <span class='ocrx_word' id='word_1_550' title='bbox 869 4539 1013 4610; x_wconf 85' lang='lat' dir='ltr'><strong><em>fortis</em></strong></span> <span class='ocrx_word' id='word_1_551' title='bbox 1085 4533 1252 4587; x_wconf 76' lang='lat' dir='ltr'><strong><em>clcsia:</em></strong></span> <span class='ocrx_word' id='word_1_552' title='bbox 1303 4534 1420 4610; x_wconf 78' lang='lat' dir='ltr'><strong><em>ﬁlii,</em></strong></span> <span class='ocrx_word' id='word_1_553' title='bbox 1468 4543 1514 4610; x_wconf 75' lang='lat' dir='ltr'><strong><em>et</em></strong></span> <span class='ocrx_word' id='word_1_554' title='bbox 1563 4535 1615 4584; x_wconf 92' lang='lat' dir='ltr'><strong><em>in</em></strong></span> <span class='ocrx_word' id='word_1_555' title='bbox 1659 4531 1850 4610; x_wconf 57' lang='lat' dir='ltr'><strong><em>(.‘hristi</em></strong></span> 
     </span>
    </p>
   </div>
   <div class='ocr_carea' id='block_1_75' title="bbox 253 4603 1848 4676">
    <p class='ocr_par' dir='ltr' id='par_1_75' title="bbox 253 4603 1848 4676">
     <span class='ocr_line' id='line_1_78' title="bbox 253 4603 1848 4676; baseline -0.002 -17"><span class='ocrx_word' id='word_1_556' title='bbox 253 4603 534 4663; x_wconf 71' lang='lat' dir='ltr'><strong><em>metiuntur</em></strong></span> <span class='ocrx_word' id='word_1_557' title='bbox 662 4603 1011 4676; x_wconf 75' lang='lat' dir='ltr'><strong><em>inﬁrmitatem</em></strong></span> <span class='ocrx_word' id='word_1_558' title='bbox 1085 4619 1257 4658; x_wconf 82' lang='lat' dir='ltr'><strong><em>amore</em></strong></span> <span class='ocrx_word' id='word_1_559' title='bbox 1297 4603 1557 4676; x_wconf 73' lang='lat' dir='ltr'><strong><em>perfecti,</em></strong></span> <span class='ocrx_word' id='word_1_560' title='bbox 1584 4603 1848 4676; x_wconf 87' lang='lat' dir='ltr'><strong><em>audientes</em></strong></span> 
     </span>
    </p>
   </div>
   <div class='ocr_carea' id='block_1_76' title="bbox 255 4673 1822 4751">
    <p class='ocr_par' dir='ltr' id='par_1_76' title="bbox 255 4673 1822 4751">
     <span class='ocr_line' id='line_1_79' title="bbox 255 4673 1822 4751; baseline -0.003 -20"><span class='ocrx_word' id='word_1_561' title='bbox 255 4693 427 4751; x_wconf 71' lang='lat' dir='ltr'><strong><em>suam;</em></strong></span> <span class='ocrx_word' id='word_1_562' title='bbox 447 4682 638 4751; x_wconf 86' lang='lat' dir='ltr'><strong><em>etquod</em></strong></span> <span class='ocrx_word' id='word_1_563' title='bbox 658 4673 887 4747; x_wconf 83' lang='lat' dir='ltr'><strong><em>damnat,</em></strong></span> <span class='ocrx_word' id='word_1_564' title='bbox 903 4688 1008 4736; x_wconf 86' lang='lat' dir='ltr'><strong><em>etc.</em></strong></span> <span class='ocrx_word' id='word_1_565' title='bbox 1085 4687 1190 4728; x_wconf 83' lang='lat' dir='ltr'><strong><em>tam</em></strong></span> <span class='ocrx_word' id='word_1_566' title='bbox 1251 4676 1420 4751; x_wconf 72' lang='lat' dir='ltr'><strong><em>sancti</em></strong></span> <span class='ocrx_word' id='word_1_567' title='bbox 1463 4673 1557 4751; x_wconf 74' lang='lat' dir='ltr'><strong><em>tiri</em></strong></span> <span class='ocrx_word' id='word_1_568' title='bbox 1618 4674 1822 4726; x_wconf 87' lang='lat' dir='ltr'><strong><em>ruinont</em></strong></span> 
     </span>
    </p>
   </div>
   <div class='ocr_carea' id='block_1_77' title="bbox 255 4747 727 4808">
    <p class='ocr_par' dir='ltr' id='par_1_77' title="bbox 255 4747 727 4808">
     <span class='ocr_line' id='line_1_80' title="bbox 255 4747 727 4808; baseline 0.013 -7"><span class='ocrx_word' id='word_1_569' title='bbox 255 4747 393 4803; x_wconf 77' lang='lat' dir='ltr'><strong><em>Vide</em></strong></span> <span class='ocrx_word' id='word_1_570' title='bbox 415 4747 526 4807; x_wconf 55' lang='lat' dir='ltr'><strong><em>var;</em></strong></span> <span class='ocrx_word' id='word_1_571' title='bbox 557 4753 727 4808; x_wconf 82' lang='lat' dir='ltr'><strong><em>Maur.</em></strong></span> 
     </span>
    </p>
   </div>
   <div class='ocr_carea' id='block_1_78' title="bbox 325 4037 1014 4103">
    <p class='ocr_par' dir='ltr' id='par_1_78' title="bbox 325 4037 1014 4103">
     <span class='ocr_line' id='line_1_81' title="bbox 325 4037 1014 4103; baseline -0.001 -11"><span class='ocrx_word' id='word_1_572' title='bbox 325 4039 458 4094; x_wconf 88' lang='lat' dir='ltr'><strong><em>Ibid.</em></strong></span> <span class='ocrx_word' id='word_1_573' title='bbox 483 4040 545 4095; x_wconf 89' lang='lat' dir='ltr'><strong><em>Si</em></strong></span> <span class='ocrx_word' id='word_1_574' title='bbox 568 4037 760 4103; x_wconf 83' lang='lat' dir='ltr'><strong><em>David,</em></strong></span> <span class='ocrx_word' id='word_1_575' title='bbox 792 4053 886 4092; x_wconf 87' lang='lat' dir='ltr'><strong><em>cur</em></strong></span> <span class='ocrx_word' id='word_1_576' title='bbox 912 4053 1014 4092; x_wconf 87' lang='lat' dir='ltr'><strong><em>non</em></strong></span> 
     </span>
    </p>
   </div>
   <div class='ocr_carea' id='block_1_79' title="bbox 246 4114 468 4184">
    <p class='ocr_par' dir='ltr' id='par_1_79' title="bbox 246 4114 468 4184">
     <span class='ocr_line' id='line_1_82' title="bbox 246 4114 468 4184; baseline -0.005 -17"><span class='ocrx_word' id='word_1_577' title='bbox 246 4121 300 4167; x_wconf 75' lang='lat' dir='ltr'><strong><em>et</em></strong></span> <span class='ocrx_word' id='word_1_578' title='bbox 335 4114 468 4184; x_wconf 84' lang='lat' dir='ltr'><strong><em>ego?</em></strong></span> 
     </span>
    </p>
   </div>
   <div class='ocr_carea' id='block_1_80' title="bbox 1087 4817 1681 4887">
    <p class='ocr_par' dir='ltr' id='par_1_80' title="bbox 1087 4817 1681 4887">
     <span class='ocr_line' id='line_1_83' title="bbox 1087 4817 1681 4887; baseline -0.003 -17"><span class='ocrx_word' id='word_1_579' title='bbox 1087 4827 1131 4870; x_wconf 89' lang='lat' dir='ltr'><strong><em>et</em></strong></span> <span class='ocrx_word' id='word_1_580' title='bbox 1161 4817 1294 4887; x_wconf 88' lang='lat' dir='ltr'><strong><em>quod</em></strong></span> <span class='ocrx_word' id='word_1_581' title='bbox 1319 4817 1553 4878; x_wconf 87' lang='lat' dir='ltr'><strong><em>damnat,</em></strong></span> <span class='ocrx_word' id='word_1_582' title='bbox 1578 4823 1681 4887; x_wconf 86' lang='lat' dir='ltr'><strong><em>etc.</em></strong></span> 
     </span>
    </p>
   </div>
   <div class='ocr_carea' id='block_1_81' title="bbox 1164 4885 1853 4956">
    <p class='ocr_par' dir='ltr' id='par_1_81' title="bbox 1164 4885 1853 4956">
     <span class='ocr_line' id='line_1_84' title="bbox 1164 4885 1853 4956; baseline 0 -13"><span class='ocrx_word' id='word_1_583' title='bbox 1164 4885 1260 4944; x_wconf 87' lang='lat' dir='ltr'><strong><em>Iid.</em></strong></span> <span class='ocrx_word' id='word_1_584' title='bbox 1291 4887 1527 4941; x_wconf 86' lang='lat' dir='ltr'><strong><em>Devitare</em></strong></span> <span class='ocrx_word' id='word_1_585' title='bbox 1568 4885 1853 4956; x_wconf 87' lang='lat' dir='ltr'><strong><em>cupientes,</em></strong></span> 
     </span>
    </p>
   </div>
   <div class='ocr_carea' id='block_1_82' title="bbox 1089 4957 1855 5022">
    <p class='ocr_par' dir='ltr' id='par_1_82' title="bbox 1089 4957 1855 5022">
     <span class='ocr_line' id='line_1_85' title="bbox 1089 4957 1855 5022; baseline 0 -6"><span class='ocrx_word' id='word_1_586' title='bbox 1089 4962 1340 5016; x_wconf 83' lang='lat' dir='ltr'><strong><em>abstinent</em></strong></span> <span class='ocrx_word' id='word_1_587' title='bbox 1389 4957 1595 5022; x_wconf 87' lang='lat' dir='ltr'><strong><em>oculos,</em></strong></span> <span class='ocrx_word' id='word_1_588' title='bbox 1641 4973 1740 5012; x_wconf 89' lang='lat' dir='ltr'><strong><em>non</em></strong></span> <span class='ocrx_word' id='word_1_589' title='bbox 1769 4976 1855 5016; x_wconf 88' lang='lat' dir='ltr'><strong><em>eos</em></strong></span> 
     </span>
    </p>
   </div>
   <div class='ocr_carea' id='block_1_83' title="bbox 1089 5027 1850 5102">
    <p class='ocr_par' dir='ltr' id='par_1_83' title="bbox 1089 5027 1850 5102">
     <span class='ocr_line' id='line_1_86' title="bbox 1089 5027 1850 5102; baseline -0.021 -14"><span class='ocrx_word' id='word_1_590' title='bbox 1089 5035 1316 5102; x_wconf 79' lang='lat' dir='ltr'><strong><em>defigunt</em></strong></span> <span class='ocrx_word' id='word_1_591' title='bbox 1381 5029 1434 5082; x_wconf 89' lang='lat' dir='ltr'><strong><em>in</em></strong></span> <span class='ocrx_word' id='word_1_592' title='bbox 1503 5027 1850 5097; x_wconf 88' lang='lat' dir='ltr'><strong><em>pulchritudi.</em></strong></span> 
     </span>
    </p>
   </div>
   <div class='ocr_carea' id='block_1_84' title="bbox 1089 5111 1350 5171">
    <p class='ocr_par' dir='ltr' id='par_1_84' title="bbox 1089 5111 1350 5171">
     <span class='ocr_line' id='line_1_87' title="bbox 1089 5111 1350 5171; baseline -0.015 -12"><span class='ocrx_word' id='word_1_593' title='bbox 1089 5117 1224 5171; x_wconf 86' lang='lat' dir='ltr'><strong><em>nem,</em></strong></span> <span class='ocrx_word' id='word_1_594' title='bbox 1246 5111 1350 5156; x_wconf 88' lang='lat' dir='ltr'><strong><em>etc.</em></strong></span> 
     </span>
    </p>
   </div>
   <div class='ocr_carea' id='block_1_85' title="bbox 1163 5174 1853 5244">
    <p class='ocr_par' dir='ltr' id='par_1_85' title="bbox 1163 5174 1853 5244">
     <span class='ocr_line' id='line_1_88' title="bbox 1163 5174 1853 5244; baseline -0.003 -14"><span class='ocrx_word' id='word_1_595' title='bbox 1163 5175 1256 5232; x_wconf 91' lang='lat' dir='ltr'><strong><em>Iid.</em></strong></span> <span class='ocrx_word' id='word_1_596' title='bbox 1314 5174 1380 5228; x_wconf 90' lang='lat' dir='ltr'><strong><em>Ut</em></strong></span> <span class='ocrx_word' id='word_1_597' title='bbox 1433 5175 1574 5244; x_wconf 92' lang='lat' dir='ltr'><strong><em>parvi</em></strong></span> <span class='ocrx_word' id='word_1_598' title='bbox 1619 5189 1718 5226; x_wconf 89' lang='lat' dir='ltr'><strong><em>non</em></strong></span> <span class='ocrx_word' id='word_1_599' title='bbox 1768 5188 1853 5228; x_wconf 88' lang='lat' dir='ltr'><strong><em>ca-</em></strong></span> 
     </span>
    </p>
   </div>
   <div class='ocr_carea' id='block_1_86' title="bbox 1090 5244 1849 5312">
    <p class='ocr_par' dir='ltr' id='par_1_86' title="bbox 1090 5244 1849 5312">
     <span class='ocr_line' id='line_1_89' title="bbox 1090 5244 1849 5312; baseline -0.003 -10"><span class='ocrx_word' id='word_1_600' title='bbox 1090 5247 1245 5312; x_wconf 91' lang='lat' dir='ltr'><strong><em>dant,</em></strong></span> <span class='ocrx_word' id='word_1_601' title='bbox 1292 5245 1392 5298; x_wconf 90' lang='lat' dir='ltr'><strong><em>imo</em></strong></span> <span class='ocrx_word' id='word_1_602' title='bbox 1430 5246 1640 5298; x_wconf 90' lang='lat' dir='ltr'><strong><em>timeant</em></strong></span> <span class='ocrx_word' id='word_1_603' title='bbox 1680 5244 1849 5300; x_wconf 88' lang='lat' dir='ltr'><strong><em>videre</em></strong></span> 
     </span>
    </p>
   </div>
   <div class='ocr_carea' id='block_1_87' title="bbox 1091 5315 1851 5387">
    <p class='ocr_par' dir='ltr' id='par_1_87' title="bbox 1091 5315 1851 5387">
     <span class='ocr_line' id='line_1_90' title="bbox 1091 5315 1851 5387; baseline -0.005 -13"><span class='ocrx_word' id='word_1_604' title='bbox 1091 5319 1225 5374; x_wconf 89' lang='lat' dir='ltr'><strong><em>unde</em></strong></span> <span class='ocrx_word' id='word_1_605' title='bbox 1265 5317 1457 5387; x_wconf 88' lang='lat' dir='ltr'><strong><em>possint</em></strong></span> <span class='ocrx_word' id='word_1_606' title='bbox 1506 5315 1705 5370; x_wconf 91' lang='lat' dir='ltr'><strong><em>cadere.</em></strong></span> <span class='ocrx_word' id='word_1_607' title='bbox 1752 5315 1851 5370; x_wconf 85' lang='lat' dir='ltr'><strong><em>Re-</em></strong></span> 
     </span>
    </p>
   </div>
   <div class='ocr_carea' id='block_1_88' title="bbox 1089 5390 1613 5462">
    <p class='ocr_par' dir='ltr' id='par_1_88' title="bbox 1089 5390 1613 5462">
     <span class='ocr_line' id='line_1_91' title="bbox 1089 5390 1613 5462; baseline 0 -22"><span class='ocrx_word' id='word_1_608' title='bbox 1089 5390 1315 5462; x_wconf 74' lang='lat' dir='ltr'><strong><em>primunt</em></strong></span> <span class='ocrx_word' id='word_1_609' title='bbox 1337 5402 1485 5462; x_wconf 69' lang='lat' dir='ltr'><strong><em>ergo,</em></strong></span> <span class='ocrx_word' id='word_1_610' title='bbox 1508 5396 1613 5462; x_wconf 85' lang='lat' dir='ltr'><strong><em>e_t_c.</em></strong></span> 
     </span>
    </p>
   </div>
   <div class='ocr_carea' id='block_1_89' title="bbox 1155 5457 1852 5528">
    <p class='ocr_par' dir='ltr' id='par_1_89' title="bbox 1155 5457 1852 5528">
     <span class='ocr_line' id='line_1_92' title="bbox 1155 5457 1852 5528; baseline -0.003 -14"><span class='ocrx_word' id='word_1_611' title='bbox 1155 5459 1288 5515; x_wconf 86' lang='lat' dir='ltr'><strong><em>Cod.</em></strong></span> <span class='ocrx_word' id='word_1_612' title='bbox 1335 5457 1474 5528; x_wconf 72' lang='lat' dir='ltr'><strong><em>Mdg.</em></strong></span> <span class='ocrx_word' id='word_1_613' title='bbox 1520 5457 1643 5528; x_wconf 61' lang='lat' dir='ltr'><strong><em>Non</em></strong></span> <span class='ocrx_word' id='word_1_614' title='bbox 1683 5457 1852 5512; x_wconf 83' lang='lat' dir='ltr'><strong><em>levant</em></strong></span> 
     </span>
    </p>
   </div>
   <div class='ocr_carea' id='block_1_90' title="bbox 1086 5527 1853 5599">
    <p class='ocr_par' dir='ltr' id='par_1_90' title="bbox 1086 5527 1853 5599">
     <span class='ocr_line' id='line_1_93' title="bbox 1086 5527 1853 5599; baseline -0.007 -12"><span class='ocrx_word' id='word_1_615' title='bbox 1086 5533 1260 5586; x_wconf 92' lang='lat' dir='ltr'><strong><em>oculos</em></strong></span> <span class='ocrx_word' id='word_1_616' title='bbox 1310 5530 1502 5599; x_wconf 88' lang='lat' dir='ltr'><strong><em>facile,</em></strong></span> <span class='ocrx_word' id='word_1_617' title='bbox 1562 5527 1740 5584; x_wconf 82' lang='lat' dir='ltr'><strong><em>Fesui.</em></strong></span> <span class='ocrx_word' id='word_1_618' title='bbox 1795 5536 1853 5582; x_wconf 86' lang='lat' dir='ltr'><strong><em>ut</em></strong></span> 
     </span>
    </p>
   </div>
   <div class='ocr_carea' id='block_1_91' title="bbox 1085 5599 1440 5672">
    <p class='ocr_par' dir='ltr' id='par_1_91' title="bbox 1085 5599 1440 5672">
     <span class='ocr_line' id='line_1_94' title="bbox 1085 5599 1440 5672; baseline -0.014 -13"><span class='ocrx_word' id='word_1_619' title='bbox 1085 5601 1216 5658; x_wconf 85' lang='lat' dir='ltr'><strong><em>edit.</em></strong></span> <span class='ocrx_word' id='word_1_620' title='bbox 1242 5599 1440 5672; x_wconf 76' lang='lat' dir='ltr'><strong><em>faciles.</em></strong></span> 
     </span>
    </p>
   </div>
   <div class='ocr_carea' id='block_1_92' title="bbox 1157 5669 1844 5729">
    <p class='ocr_par' dir='ltr' id='par_1_92' title="bbox 1157 5669 1844 5729">
     <span class='ocr_line' id='line_1_95' title="bbox 1157 5669 1844 5729; baseline -0.007 0"><span class='ocrx_word' id='word_1_621' title='bbox 1157 5669 1327 5729; x_wconf 81' lang='lat' dir='ltr'><strong><em>Codd.</em></strong></span> <span class='ocrx_word' id='word_1_622' title='bbox 1365 5669 1594 5724; x_wconf 80' lang='lat' dir='ltr'><strong><em>Attendis</em></strong></span> <span class='ocrx_word' id='word_1_623' title='bbox 1618 5684 1844 5724; x_wconf 76' lang='lat' dir='ltr'><strong><em>securus.</em></strong></span> 
     </span>
    </p>
   </div>
   <div class='ocr_carea' id='block_1_93' title="bbox 1161 5741 1849 5810">
    <p class='ocr_par' dir='ltr' id='par_1_93' title="bbox 1161 5741 1849 5810">
     <span class='ocr_line' id='line_1_96' title="bbox 1161 5741 1849 5810; baseline -0.01 -10"><span class='ocrx_word' id='word_1_624' title='bbox 1161 5744 1258 5800; x_wconf 92' lang='lat' dir='ltr'><strong><em>Iid.</em></strong></span> <span class='ocrx_word' id='word_1_625' title='bbox 1293 5741 1544 5808; x_wconf 85' lang='lat' dir='ltr'><strong><em>Nunquid</em></strong></span> <span class='ocrx_word' id='word_1_626' title='bbox 1581 5750 1637 5794; x_wconf 92' lang='lat' dir='ltr'><strong><em>tu</em></strong></span> <span class='ocrx_word' id='word_1_627' title='bbox 1665 5741 1849 5810; x_wconf 78' lang='lat' dir='ltr'><strong><em>fortior</em></strong></span> 
     </span>
    </p>
   </div>
   <div class='ocr_carea' id='block_1_94' title="bbox 1092 5810 1849 5878">
    <p class='ocr_par' dir='ltr' id='par_1_94' title="bbox 1092 5810 1849 5878">
     <span class='ocr_line' id='line_1_97' title="bbox 1092 5810 1849 5878; baseline -0.015 -3"><span class='ocrx_word' id='word_1_628' title='bbox 1092 5815 1297 5875; x_wconf 75' lang='lat' dir='ltr'><strong><em>Dat-id?</em></strong></span> <span class='ocrx_word' id='word_1_629' title='bbox 1347 5811 1472 5868; x_wconf 87' lang='lat' dir='ltr'><strong><em>Dixi</em></strong></span> <span class='ocrx_word' id='word_1_630' title='bbox 1534 5813 1667 5865; x_wconf 91' lang='lat' dir='ltr'><strong><em>enim</em></strong></span> <span class='ocrx_word' id='word_1_631' title='bbox 1714 5810 1849 5878; x_wconf 91' lang='lat' dir='ltr'><strong><em>quod</em></strong></span> 
     </span>
    </p>
   </div>
   <div class='ocr_carea' id='block_1_95' title="bbox 1090 5882 1853 5954">
    <p class='ocr_par' dir='ltr' id='par_1_95' title="bbox 1090 5882 1853 5954">
     <span class='ocr_line' id='line_1_98' title="bbox 1090 5882 1853 5954; baseline -0.013 -8"><span class='ocrx_word' id='word_1_632' title='bbox 1090 5907 1180 5946; x_wconf 89' lang='lat' dir='ltr'><strong><em>nec</em></strong></span> <span class='ocrx_word' id='word_1_633' title='bbox 1211 5887 1380 5944; x_wconf 85' lang='lat' dir='ltr'><strong><em>David</em></strong></span> <span class='ocrx_word' id='word_1_634' title='bbox 1409 5885 1610 5954; x_wconf 89' lang='lat' dir='ltr'><strong><em>fortior,</em></strong></span> <span class='ocrx_word' id='word_1_635' title='bbox 1643 5897 1736 5935; x_wconf 83' lang='lat' dir='ltr'><strong><em>nec</em></strong></span> <span class='ocrx_word' id='word_1_636' title='bbox 1760 5882 1853 5936; x_wconf 81' lang='lat' dir='ltr'><strong><em>So-</em></strong></span> 
     </span>
    </p>
   </div>
   <div class='ocr_carea' id='block_1_96' title="bbox 1091 5954 1852 6032">
    <p class='ocr_par' dir='ltr' id='par_1_96' title="bbox 1091 5954 1852 6032">
     <span class='ocr_line' id='line_1_99' title="bbox 1091 5954 1852 6032; baseline -0.017 -14"><span class='ocrx_word' id='word_1_637' title='bbox 1091 5964 1284 6017; x_wconf 79' lang='lat' dir='ltr'><strong><em>lomone</em></strong></span> <span class='ocrx_word' id='word_1_638' title='bbox 1324 5967 1465 6032; x_wconf 89' lang='lat' dir='ltr'><strong><em>potes</em></strong></span> <span class='ocrx_word' id='word_1_639' title='bbox 1501 5971 1609 6010; x_wconf 87' lang='lat' dir='ltr'><strong><em>esse</em></strong></span> <span class='ocrx_word' id='word_1_640' title='bbox 1649 5954 1852 6022; x_wconf 86' lang='lat' dir='ltr'><strong><em>sapien-</em></strong></span> 
     </span>
    </p>
   </div>
   <div class='ocr_carea' id='block_1_97' title="bbox 323 4893 1013 4960">
    <p class='ocr_par' dir='ltr' id='par_1_97' title="bbox 323 4893 1013 4960">
     <span class='ocr_line' id='line_1_100' title="bbox 323 4893 1013 4960; baseline -0.004 -9"><span class='ocrx_word' id='word_1_641' title='bbox 323 4895 456 4950; x_wconf 78' lang='lat' dir='ltr'><strong><em>IbitI.</em></strong></span> <span class='ocrx_word' id='word_1_642' title='bbox 484 4894 712 4948; x_wconf 88' lang='lat' dir='ltr'><strong><em>Devitare</em></strong></span> <span class='ocrx_word' id='word_1_643' title='bbox 739 4893 1013 4960; x_wconf 87' lang='lat' dir='ltr'><strong><em>cupientes,</em></strong></span> 
     </span>
    </p>
   </div>
   <div class='ocr_carea' id='block_1_98' title="bbox 251 4965 1017 5038">
    <p class='ocr_par' dir='ltr' id='par_1_98' title="bbox 251 4965 1017 5038">
     <span class='ocr_line' id='line_1_101' title="bbox 251 4965 1017 5038; baseline -0.001 -18"><span class='ocrx_word' id='word_1_644' title='bbox 251 4967 314 5020; x_wconf 92' lang='lat' dir='ltr'><strong><em>ab</em></strong></span> <span class='ocrx_word' id='word_1_645' title='bbox 343 4978 547 5038; x_wconf 81' lang='lat' dir='ltr'><strong><em>aspectu</em></strong></span> <span class='ocrx_word' id='word_1_646' title='bbox 573 4981 747 5019; x_wconf 84' lang='lat' dir='ltr'><strong><em>securo</em></strong></span> <span class='ocrx_word' id='word_1_647' title='bbox 767 4965 1017 5038; x_wconf 78' lang='lat' dir='ltr'><strong><em>abstinent</em></strong></span> 
     </span>
    </p>
   </div>
   <div class='ocr_carea' id='block_1_99' title="bbox 259 5036 1016 5105">
    <p class='ocr_par' dir='ltr' id='par_1_99' title="bbox 259 5036 1016 5105">
     <span class='ocr_line' id='line_1_102' title="bbox 259 5036 1016 5105; baseline -0.001 -15"><span class='ocrx_word' id='word_1_648' title='bbox 259 5036 434 5090; x_wconf 89' lang='lat' dir='ltr'><strong><em>oculos</em></strong></span> <span class='ocrx_word' id='word_1_649' title='bbox 460 5053 478 5090; x_wconf 91' lang='lat'><strong><em>:</em></strong></span> <span class='ocrx_word' id='word_1_650' title='bbox 507 5051 609 5089; x_wconf 89' lang='lat' dir='ltr'><strong><em>non</em></strong></span> <span class='ocrx_word' id='word_1_651' title='bbox 657 5051 742 5089; x_wconf 88' lang='lat' dir='ltr'><strong><em>eos</em></strong></span> <span class='ocrx_word' id='word_1_652' title='bbox 787 5036 1016 5105; x_wconf 84' lang='lat' dir='ltr'><strong><em>defigunt</em></strong></span> 
     </span>
    </p>
   </div>
   <div class='ocr_carea' id='block_1_100' title="bbox 252 5105 873 5170">
    <p class='ocr_par' dir='ltr' id='par_1_100' title="bbox 252 5105 873 5170">
     <span class='ocr_line' id='line_1_103' title="bbox 252 5105 873 5170; baseline 0 -9"><span class='ocrx_word' id='word_1_653' title='bbox 252 5106 309 5161; x_wconf 90' lang='lat' dir='ltr'><strong><em>in</em></strong></span> <span class='ocrx_word' id='word_1_654' title='bbox 336 5105 739 5170; x_wconf 83' lang='lat' dir='ltr'><strong><em>pulchritudine,</em></strong></span> <span class='ocrx_word' id='word_1_655' title='bbox 769 5115 873 5162; x_wconf 89' lang='lat' dir='ltr'><strong><em>etc.</em></strong></span> 
     </span>
    </p>
   </div>
   <div class='ocr_carea' id='block_1_101' title="bbox 351 5178 1017 5248">
    <p class='ocr_par' dir='ltr' id='par_1_101' title="bbox 351 5178 1017 5248">
     <span class='ocr_line' id='line_1_104' title="bbox 351 5178 1017 5248; baseline -0.008 -13"><span class='ocrx_word' id='word_1_656' title='bbox 351 5181 458 5235; x_wconf 77' lang='lat' dir='ltr'><strong><em>bid.</em></strong></span> <span class='ocrx_word' id='word_1_657' title='bbox 498 5178 564 5233; x_wconf 89' lang='lat' dir='ltr'><strong><em>Ut</em></strong></span> <span class='ocrx_word' id='word_1_658' title='bbox 594 5179 734 5248; x_wconf 89' lang='lat' dir='ltr'><strong><em>parvi</em></strong></span> <span class='ocrx_word' id='word_1_659' title='bbox 762 5178 924 5232; x_wconf 88' lang='lat' dir='ltr'><strong><em>nolint</em></strong></span> <span class='ocrx_word' id='word_1_660' title='bbox 954 5179 1017 5232; x_wconf 90' lang='lat' dir='ltr'><strong><em>vi-</em></strong></span> 
     </span>
    </p>
   </div>
   <div class='ocr_carea' id='block_1_102' title="bbox 253 5249 1012 5320">
    <p class='ocr_par' dir='ltr' id='par_1_102' title="bbox 253 5249 1012 5320">
     <span class='ocr_line' id='line_1_105' title="bbox 253 5249 1012 5320; baseline -0.001 -15"><span class='ocrx_word' id='word_1_661' title='bbox 253 5251 373 5305; x_wconf 88' lang='lat' dir='ltr'><strong><em>dere</em></strong></span> <span class='ocrx_word' id='word_1_662' title='bbox 417 5251 550 5303; x_wconf 90' lang='lat' dir='ltr'><strong><em>unde</em></strong></span> <span class='ocrx_word' id='word_1_663' title='bbox 583 5251 776 5320; x_wconf 89' lang='lat' dir='ltr'><strong><em>possint</em></strong></span> <span class='ocrx_word' id='word_1_664' title='bbox 813 5249 1012 5304; x_wconf 89' lang='lat' dir='ltr'><strong><em>cadere.</em></strong></span> 
     </span>
    </p>
   </div>
   <div class='ocr_carea' id='block_1_103' title="bbox 257 5322 872 5415">
    <p class='ocr_par' dir='ltr' id='par_1_103' title="bbox 257 5322 872 5415">
     <span class='ocr_line' id='line_1_106' title="bbox 257 5322 872 5415; baseline -0.005 -38"><span class='ocrx_word' id='word_1_665' title='bbox 257 5322 568 5415; x_wconf 62' lang='lat' dir='ltr'><strong><em>Reprimunt.</em></strong></span> <span class='ocrx_word' id='word_1_666' title='bbox 585 5323 735 5386; x_wconf 90' lang='lat' dir='ltr'><strong><em>enim,</em></strong></span> <span class='ocrx_word' id='word_1_667' title='bbox 767 5329 872 5378; x_wconf 89' lang='lat' dir='ltr'><strong><em>etc.</em></strong></span> 
     </span>
    </p>
   </div>
   <div class='ocr_carea' id='block_1_104' title="bbox 329 5461 1013 5523">
    <p class='ocr_par' dir='ltr' id='par_1_104' title="bbox 329 5461 1013 5523">
     <span class='ocr_line' id='line_1_107' title="bbox 329 5461 1013 5523; baseline -0.006 -1"><span class='ocrx_word' id='word_1_668' title='bbox 329 5463 464 5523; x_wconf 88' lang='lat' dir='ltr'><strong><em>Ibid.</em></strong></span> <span class='ocrx_word' id='word_1_669' title='bbox 503 5461 621 5516; x_wconf 86' lang='lat' dir='ltr'><strong><em>Non</em></strong></span> <span class='ocrx_word' id='word_1_670' title='bbox 655 5464 815 5517; x_wconf 88' lang='lat' dir='ltr'><strong><em>levant</em></strong></span> <span class='ocrx_word' id='word_1_671' title='bbox 837 5463 1013 5518; x_wconf 89' lang='lat' dir='ltr'><strong><em>oculos</em></strong></span> 
     </span>
    </p>
   </div>
   <div class='ocr_carea' id='block_1_105' title="bbox 254 5541 450 5611">
    <p class='ocr_par' dir='ltr' id='par_1_105' title="bbox 254 5541 450 5611">
     <span class='ocr_line' id='line_1_108' title="bbox 254 5541 450 5611; baseline -0.005 -17"><span class='ocrx_word' id='word_1_672' title='bbox 254 5541 450 5611; x_wconf 88' lang='lat' dir='ltr'><strong><em>faciles.</em></strong></span> 
     </span>
    </p>
   </div>
   <div class='ocr_carea' id='block_1_106' title="bbox 331 5679 958 5736">
    <p class='ocr_par' dir='ltr' id='par_1_106' title="bbox 331 5679 958 5736">
     <span class='ocr_line' id='line_1_109' title="bbox 331 5679 958 5736; baseline -0.005 -2"><span class='ocrx_word' id='word_1_673' title='bbox 331 5679 465 5736; x_wconf 81' lang='lat' dir='ltr'><strong><em>Ibid.</em></strong></span> <span class='ocrx_word' id='word_1_674' title='bbox 493 5680 707 5735; x_wconf 76' lang='lat' dir='ltr'><strong><em>Attende</em></strong></span> <span class='ocrx_word' id='word_1_675' title='bbox 735 5693 958 5735; x_wconf 79' lang='lat' dir='ltr'><strong><em>securus.</em></strong></span> 
     </span>
    </p>
   </div>
   <div class='ocr_carea' id='block_1_107' title="bbox 329 5750 1014 5876">
    <p class='ocr_par' dir='ltr' id='par_1_107' title="bbox 329 5750 1014 5876">
     <span class='ocr_line' id='line_1_110' title="bbox 329 5750 1014 5876; baseline -0.001 -70"><span class='ocrx_word' id='word_1_676' title='bbox 329 5751 462 5806; x_wconf 86' lang='lat' dir='ltr'><strong><em>Ibid.</em></strong></span> <span class='ocrx_word' id='word_1_677' title='bbox 500 5750 763 5834; x_wconf 76' lang='lat' dir='ltr'><strong><em>Numquid</em></strong></span> <span class='ocrx_word' id='word_1_678' title='bbox 809 5761 866 5806; x_wconf 92' lang='lat' dir='ltr'><strong><em>tu</em></strong></span> <span class='ocrx_word' id='word_1_679' title='bbox 871 5753 1014 5876; x_wconf 49' lang='grc' dir='ltr'><strong><em>ιρι*-</em></strong></span> 
     </span>
     <span class='ocr_line' id='line_1_111' title="bbox 329 5819 1014 5876; baseline 0.004 -3"><span class='ocrx_word' id='word_1_680' title='bbox 329 5836 355 5873; x_wconf 94' lang='lat' dir='ltr'><strong><em>r</em></strong></span> <span class='ocrx_word' id='word_1_681' title='bbox 389 5837 543 5876; x_wconf 88' lang='lat' dir='ltr'><strong><em>ouant</em></strong></span> <span class='ocrx_word' id='word_1_682' title='bbox 575 5819 784 5876; x_wconf 79' lang='lat' dir='ltr'><strong><em>David?</em></strong></span> <span class='ocrx_word' id='word_1_683' title='bbox 825 5824 869 5876; x_wconf 76' lang='grc' dir='ltr'><em>Α</em></span> <span class='ocrx_word' id='word_1_684' title='bbox 907 5839 1014 5876; x_wconf 90' lang='lat' dir='ltr'><strong><em>mo-</em></strong></span> 
     </span>
    </p>
   </div>
   <div class='ocr_carea' id='block_1_108' title="bbox 257 5819 1018 5960">
    <p class='ocr_par' dir='ltr' id='par_1_108' title="bbox 257 5819 1018 5960">
     <span class='ocr_line' id='line_1_112' title="bbox 257 5819 1018 5892; baseline 0.004 -15"><span class='ocrx_word' id='word_1_685' title='bbox 257 5820 355 5878; x_wconf 83' lang='lat' dir='ltr'><strong><em>tior</em></strong></span> <span class='ocrx_word' id='word_1_686' title='bbox 389 5837 543 5892; x_wconf 88' lang='lat' dir='ltr'><strong><em>quam</em></strong></span> <span class='ocrx_word' id='word_1_687' title='bbox 575 5819 784 5878; x_wconf 78' lang='lat' dir='ltr'><strong><em>David?</em></strong></span> <span class='ocrx_word' id='word_1_688' title='bbox 825 5819 1018 5880; x_wconf 75' lang='lat' dir='ltr'><strong><em>Admo-</em></strong></span> 
     </span>
     <span class='ocr_line' id='line_1_113' title="bbox 263 5903 503 5960; baseline -0.004 -11"><span class='ocrx_word' id='word_1_689' title='bbox 263 5903 371 5960; x_wconf 80' lang='lat' dir='ltr'><strong><em>uet,</em></strong></span> <span class='ocrx_word' id='word_1_690' title='bbox 398 5904 503 5950; x_wconf 86' lang='lat' dir='ltr'><strong><em>etc.</em></strong></span> 
     </span>
    </p>
   </div>
   <div class='ocr_carea' id='block_1_109' title="bbox 2003 2047 2687 2118">
    <p class='ocr_par' dir='ltr' id='par_1_109' title="bbox 2003 2047 2687 2118">
     <span class='ocr_line' id='line_1_114' title="bbox 2003 2047 2687 2118; baseline -0.006 -16"><span class='ocrx_word' id='word_1_691' title='bbox 2003 2047 2082 2102; x_wconf 52' lang='grc' dir='ltr'><strong><em>Ν(</em></strong></span> <span class='ocrx_word' id='word_1_692' title='bbox 2109 2049 2162 2101; x_wconf 81' lang='grc'><strong><em>5.</em></strong></span> <span class='ocrx_word' id='word_1_693' title='bbox 2207 2047 2314 2104; x_wconf 90' lang='lat' dir='ltr'><strong><em>Sed</em></strong></span> <span class='ocrx_word' id='word_1_694' title='bbox 2359 2048 2552 2118; x_wconf 90' lang='lat' dir='ltr'><strong><em>factum</em></strong></span> <span class='ocrx_word' id='word_1_695' title='bbox 2576 2054 2687 2101; x_wconf 91' lang='lat' dir='ltr'><strong><em>est:</em></strong></span> 
     </span>
    </p>
   </div>
   <div class='ocr_carea' id='block_1_110' title="bbox 1930 2118 2689 2188">
    <p class='ocr_par' dir='ltr' id='par_1_110' title="bbox 1930 2118 2689 2188">
     <span class='ocr_line' id='line_1_115' title="bbox 1930 2118 2689 2188; baseline 0.004 -17"><span class='ocrx_word' id='word_1_696' title='bbox 1930 2119 2150 2172; x_wconf 75' lang='lat' dir='ltr'><strong><em>dixerim</em></strong></span> <span class='ocrx_word' id='word_1_697' title='bbox 2198 2118 2309 2174; x_wconf 82' lang='lat' dir='ltr'><strong><em>htec</em></strong></span> <span class='ocrx_word' id='word_1_698' title='bbox 2355 2120 2427 2174; x_wconf 88' lang='lat' dir='ltr'><strong><em>eis</em></strong></span> <span class='ocrx_word' id='word_1_699' title='bbox 2462 2124 2552 2188; x_wconf 81' lang='lat' dir='ltr'><strong><em>qui</em></strong></span> <span class='ocrx_word' id='word_1_700' title='bbox 2589 2133 2689 2174; x_wconf 88' lang='lat' dir='ltr'><strong><em>non</em></strong></span> 
     </span>
    </p>
   </div>
   <div class='ocr_carea' id='block_1_111' title="bbox 1930 2201 2692 2333">
    <p class='ocr_par' dir='ltr' id='par_1_111' title="bbox 1930 2201 2692 2333">
     <span class='ocr_line' id='line_1_116' title="bbox 1930 2201 2314 2244; baseline -0.005 0"><span class='ocrx_word' id='word_1_701' title='bbox 1930 2201 2314 2244; x_wconf 82' lang='lat' dir='ltr'><strong><em>commiserunt.</em></strong></span> 
     </span>
     <span class='ocr_line' id='line_1_117' title="bbox 1939 2257 2692 2333; baseline 0.001 -20"><span class='ocrx_word' id='word_1_702' title='bbox 1939 2330 1948 2333; x_wconf 86' lang='lat'>_</span> <span class='ocrx_word' id='word_1_703' title='bbox 2002 2259 2131 2316; x_wconf 91' lang='lat' dir='ltr'><strong><em>Ibid.</em></strong></span> <span class='ocrx_word' id='word_1_704' title='bbox 2159 2257 2218 2333; x_wconf 86' lang='lat' dir='ltr'><strong><em>Si</em></strong></span> <span class='ocrx_word' id='word_1_705' title='bbox 2240 2278 2356 2317; x_wconf 88' lang='lat' dir='ltr'><strong><em>vero</em></strong></span> <span class='ocrx_word' id='word_1_706' title='bbox 2375 2261 2563 2333; x_wconf 85' lang='lat' dir='ltr'><strong><em>aliquis</em></strong></span> <span class='ocrx_word' id='word_1_707' title='bbox 2576 2263 2692 2332; x_wconf 87' lang='lat' dir='ltr'><strong><em>jam</em></strong></span> 
     </span>
    </p>
   </div>
   <div class='ocr_carea' id='block_1_112' title="bbox 1929 2330 2690 2402">
    <p class='ocr_par' dir='ltr' id='par_1_112' title="bbox 1929 2330 2690 2402">
     <span class='ocr_line' id='line_1_118' title="bbox 1929 2330 2690 2402; baseline 0.005 -19"><span class='ocrx_word' id='word_1_708' title='bbox 1929 2330 2107 2402; x_wconf 83' lang='lat' dir='ltr'><strong><em>lapsus</em></strong></span> <span class='ocrx_word' id='word_1_709' title='bbox 2148 2332 2256 2386; x_wconf 81' lang='lat' dir='ltr'><strong><em>htvc</em></strong></span> <span class='ocrx_word' id='word_1_710' title='bbox 2297 2330 2471 2397; x_wconf 79' lang='lat' dir='ltr'><strong><em>audit,</em></strong></span> <span class='ocrx_word' id='word_1_711' title='bbox 2513 2330 2690 2387; x_wconf 39' lang='lat' dir='ltr'><strong><em>et‘ali-</em></strong></span> 
     </span>
    </p>
   </div>
   <div class='ocr_carea' id='block_1_113' title="bbox 1931 2404 2690 2472">
    <p class='ocr_par' dir='ltr' id='par_1_113' title="bbox 1931 2404 2690 2472">
     <span class='ocr_line' id='line_1_119' title="bbox 1931 2404 2690 2472; baseline 0.004 -17"><span class='ocrx_word' id='word_1_712' title='bbox 1931 2404 2053 2472; x_wconf 88' lang='lat' dir='ltr'><strong><em>quid</em></strong></span> <span class='ocrx_word' id='word_1_713' title='bbox 2106 2404 2160 2456; x_wconf 90' lang='lat' dir='ltr'><strong><em>in</em></strong></span> <span class='ocrx_word' id='word_1_714' title='bbox 2204 2407 2516 2460; x_wconf 83' lang='lat' dir='ltr'><strong><em>conscientia</em></strong></span> <span class='ocrx_word' id='word_1_715' title='bbox 2567 2404 2690 2458; x_wconf 89' lang='lat' dir='ltr'><strong><em>mali</em></strong></span> 
     </span>
    </p>
   </div>
   <div class='ocr_carea' id='block_1_114' title="bbox 1931 2473 2691 2548">
    <p class='ocr_par' dir='ltr' id='par_1_114' title="bbox 1931 2473 2691 2548">
     <span class='ocr_line' id='line_1_120' title="bbox 1931 2473 2691 2548; baseline 0.001 -20"><span class='ocrx_word' id='word_1_716' title='bbox 1931 2483 2132 2538; x_wconf 83' lang='lat' dir='ltr'><strong><em>tenens;</em></strong></span> <span class='ocrx_word' id='word_1_717' title='bbox 2157 2475 2306 2548; x_wconf 86' lang='lat' dir='ltr'><strong><em>verba</em></strong></span> <span class='ocrx_word' id='word_1_718' title='bbox 2328 2475 2512 2548; x_wconf 82' lang='lat' dir='ltr'><strong><em>psalmi</em></strong></span> <span class='ocrx_word' id='word_1_719' title='bbox 2535 2473 2691 2548; x_wconf 84' lang='lat' dir='ltr'><strong><em>hujus</em></strong></span> 
     </span>
    </p>
   </div>
   <div class='ocr_carea' id='block_1_115' title="bbox 1931 2545 2690 2616">
    <p class='ocr_par' dir='ltr' id='par_1_115' title="bbox 1931 2545 2690 2616">
     <span class='ocr_line' id='line_1_121' title="bbox 1931 2545 2690 2616; baseline 0.003 -19"><span class='ocrx_word' id='word_1_720' title='bbox 1931 2545 2178 2598; x_wconf 82' lang='lat' dir='ltr'><strong><em>atlvertati</em></strong></span> <span class='ocrx_word' id='word_1_721' title='bbox 2193 2561 2211 2598; x_wconf 89' lang='lat'><strong><em>:</em></strong></span> <span class='ocrx_word' id='word_1_722' title='bbox 2228 2545 2456 2600; x_wconf 89' lang='lat' dir='ltr'><strong><em>attendot</em></strong></span> <span class='ocrx_word' id='word_1_723' title='bbox 2485 2545 2690 2616; x_wconf 85' lang='lat' dir='ltr'><strong><em>quidem</em></strong></span> 
     </span>
    </p>
   </div>
   <div class='ocr_carea' id='block_1_116' title="bbox 1929 2616 2302 2681">
    <p class='ocr_par' dir='ltr' id='par_1_116' title="bbox 1929 2616 2302 2681">
     <span class='ocr_line' id='line_1_122' title="bbox 1929 2616 2302 2681; baseline 0.003 -13"><span class='ocrx_word' id='word_1_724' title='bbox 1929 2616 2174 2681; x_wconf 81' lang='lat' dir='ltr'><strong><em>vulneris,</em></strong></span> <span class='ocrx_word' id='word_1_725' title='bbox 2199 2625 2302 2671; x_wconf 89' lang='lat' dir='ltr'><strong><em>etc.</em></strong></span> 
     </span>
    </p>
   </div>
   <div class='ocr_carea' id='block_1_117' title="bbox 2003 2684 2690 2758">
    <p class='ocr_par' dir='ltr' id='par_1_117' title="bbox 2003 2684 2690 2758">
     <span class='ocr_line' id='line_1_123' title="bbox 2003 2684 2690 2758; baseline 0 -17"><span class='ocrx_word' id='word_1_726' title='bbox 2003 2684 2141 2742; x_wconf 88' lang='lat' dir='ltr'><strong><em>Ibid.</em></strong></span> <span class='ocrx_word' id='word_1_727' title='bbox 2176 2686 2302 2742; x_wconf 87' lang='lat' dir='ltr'><strong><em>Non</em></strong></span> <span class='ocrx_word' id='word_1_728' title='bbox 2326 2686 2558 2758; x_wconf 82' lang='lat' dir='ltr'><strong><em>desperet</em></strong></span> <span class='ocrx_word' id='word_1_729' title='bbox 2587 2703 2690 2741; x_wconf 82' lang='lat' dir='ltr'><strong><em>me-</em></strong></span> 
     </span>
    </p>
   </div>
   <div class='ocr_carea' id='block_1_118' title="bbox 1933 2758 2409 2828">
    <p class='ocr_par' dir='ltr' id='par_1_118' title="bbox 1933 2758 2409 2828">
     <span class='ocr_line' id='line_1_124' title="bbox 1933 2758 2409 2828; baseline -0.004 -16"><span class='ocrx_word' id='word_1_730' title='bbox 1933 2758 2038 2828; x_wconf 80' lang='lat' dir='ltr'><strong><em>dici</em></strong></span> <span class='ocrx_word' id='word_1_731' title='bbox 2072 2759 2409 2828; x_wconf 65' lang='lat' dir='ltr'><strong><em>maji‘statem.</em></strong></span> 
     </span>
    </p>
   </div>
   <div class='ocr_carea' id='block_1_119' title="bbox 2003 2827 2693 2898">
    <p class='ocr_par' dir='ltr' id='par_1_119' title="bbox 2003 2827 2693 2898">
     <span class='ocr_line' id='line_1_125' title="bbox 2003 2827 2693 2898; baseline -0.006 -14"><span class='ocrx_word' id='word_1_732' title='bbox 2003 2827 2157 2884; x_wconf 66' lang='lat' dir='ltr'><strong><em>Ibid.</em></strong></span> <span class='ocrx_word' id='word_1_733' title='bbox 2187 2827 2356 2882; x_wconf 83' lang='lat' dir='ltr'><strong><em>Nemo</em></strong></span> <span class='ocrx_word' id='word_1_734' title='bbox 2383 2844 2504 2898; x_wconf 87' lang='lat' dir='ltr'><strong><em>ergo</em></strong></span> <span class='ocrx_word' id='word_1_735' title='bbox 2532 2827 2693 2894; x_wconf 87' lang='lat' dir='ltr'><strong><em>dicat,</em></strong></span> 
     </span>
    </p>
   </div>
   <div class='ocr_carea' id='block_1_120' title="bbox 1932 2898 2696 2972">
    <p class='ocr_par' dir='ltr' id='par_1_120' title="bbox 1932 2898 2696 2972">
     <span class='ocr_line' id='line_1_126' title="bbox 1932 2898 2696 2972; baseline 0 -20"><span class='ocrx_word' id='word_1_736' title='bbox 1932 2898 1996 2972; x_wconf 89' lang='lat' dir='ltr'><strong><em>Si</em></strong></span> <span class='ocrx_word' id='word_1_737' title='bbox 2030 2902 2145 2972; x_wconf 86' lang='lat' dir='ltr'><strong><em>jam</em></strong></span> <span class='ocrx_word' id='word_1_738' title='bbox 2198 2899 2399 2971; x_wconf 86' lang='lat' dir='ltr'><strong><em>aliquid</em></strong></span> <span class='ocrx_word' id='word_1_739' title='bbox 2445 2901 2567 2953; x_wconf 85' lang='lat' dir='ltr'><strong><em>ntali</em></strong></span> <span class='ocrx_word' id='word_1_740' title='bbox 2595 2899 2696 2969; x_wconf 87' lang='lat' dir='ltr'><strong><em>feci</em></strong></span> 
     </span>
    </p>
   </div>
   <div class='ocr_carea' id='block_1_121' title="bbox 1934 2970 2428 3026">
    <p class='ocr_par' dir='ltr' id='par_1_121' title="bbox 1934 2970 2428 3026">
     <span class='ocr_line' id='line_1_127' title="bbox 1934 2970 2428 3026; baseline 0.004 -4"><span class='ocrx_word' id='word_1_741' title='bbox 1934 2970 2258 3025; x_wconf 88' lang='lat' dir='ltr'><strong><em>damnandus</em></strong></span> <span class='ocrx_word' id='word_1_742' title='bbox 2287 2970 2428 3026; x_wconf 85' lang='lat' dir='ltr'><strong><em>sum.</em></strong></span> 
     </span>
    </p>
   </div>
   <div class='ocr_carea' id='block_1_122' title="bbox 2008 3039 2694 3097">
    <p class='ocr_par' dir='ltr' id='par_1_122' title="bbox 2008 3039 2694 3097">
     <span class='ocr_line' id='line_1_128' title="bbox 2008 3039 2694 3097; baseline 0 -3"><span class='ocrx_word' id='word_1_743' title='bbox 2008 3041 2144 3096; x_wconf 88' lang='lat' dir='ltr'><strong><em>Ibid.</em></strong></span> <span class='ocrx_word' id='word_1_744' title='bbox 2178 3039 2352 3096; x_wconf 85' lang='lat' dir='ltr'><strong><em>Fruar</em></strong></span> <span class='ocrx_word' id='word_1_745' title='bbox 2383 3044 2479 3096; x_wconf 90' lang='lat' dir='ltr'><strong><em>hoc</em></strong></span> <span class='ocrx_word' id='word_1_746' title='bbox 2505 3041 2694 3097; x_wconf 65' lang='lat' dir='ltr'><strong><em>seculo</em></strong></span> 
     </span>
    </p>
   </div>
   <div class='ocr_carea' id='block_1_123' title="bbox 1933 3108 2692 3179">
    <p class='ocr_par' dir='ltr' id='par_1_123' title="bbox 1933 3108 2692 3179">
     <span class='ocr_line' id='line_1_129' title="bbox 1933 3108 2692 3179; baseline 0.004 -16"><span class='ocrx_word' id='word_1_747' title='bbox 1933 3108 1988 3164; x_wconf 85' lang='lat' dir='ltr'><strong><em>in</em></strong></span> <span class='ocrx_word' id='word_1_748' title='bbox 2033 3110 2328 3179; x_wconf 86' lang='lat' dir='ltr'><strong><em>voluptate,</em></strong></span> <span class='ocrx_word' id='word_1_749' title='bbox 2377 3113 2432 3166; x_wconf 89' lang='lat' dir='ltr'><strong><em>in</em></strong></span> <span class='ocrx_word' id='word_1_750' title='bbox 2460 3113 2692 3178; x_wconf 86' lang='lat' dir='ltr'><strong><em>lascivia,</em></strong></span> 
     </span>
    </p>
   </div>
   <div class='ocr_carea' id='block_1_124' title="bbox 1934 3180 2670 3325">
    <p class='ocr_par' dir='ltr' id='par_1_124' title="bbox 1934 3180 2670 3325">
     <span class='ocr_line' id='line_1_130' title="bbox 1934 3180 2536 3262; baseline 0.007 -29"><span class='ocrx_word' id='word_1_751' title='bbox 1934 3180 1988 3234; x_wconf 90' lang='lat' dir='ltr'><strong><em>in</em></strong></span> <span class='ocrx_word' id='word_1_752' title='bbox 2005 3181 2286 3262; x_wconf 83' lang='lat' dir='ltr'><strong><em>cupiditate</em></strong></span> <span class='ocrx_word' id='word_1_753' title='bbox 2313 3182 2536 3249; x_wconf 87' lang='lat' dir='ltr'><strong><em>nefaria.</em></strong></span> 
     </span>
     <span class='ocr_line' id='line_1_131' title="bbox 1974 3247 2670 3325; baseline -0.003 -19"><span class='ocrx_word' id='word_1_754' title='bbox 1974 3321 1986 3325; x_wconf 87' lang='lat'>_</span> <span class='ocrx_word' id='word_1_755' title='bbox 2013 3250 2147 3306; x_wconf 80' lang='lat' dir='ltr'><strong><em>Ibid.</em></strong></span> <span class='ocrx_word' id='word_1_756' title='bbox 2178 3247 2284 3305; x_wconf 85' lang='lat' dir='ltr'><strong><em>Iste</em></strong></span> <span class='ocrx_word' id='word_1_757' title='bbox 2306 3267 2424 3325; x_wconf 75' lang='lat' dir='ltr'><strong><em>ergo</em></strong></span> <span class='ocrx_word' id='word_1_758' title='bbox 2445 3253 2670 3325; x_wconf 88' lang='lat' dir='ltr'><strong><em>psalmus</em></strong></span> 
     </span>
    </p>
   </div>
   <div class='ocr_carea' id='block_1_125' title="bbox 1863 3317 2589 3391">
    <p class='ocr_par' dir='ltr' id='par_1_125' title="bbox 1863 3317 2589 3391">
     <span class='ocr_line' id='line_1_132' title="bbox 1863 3317 2589 3391; baseline 0.003 -16"><span class='ocrx_word' id='word_1_759' title='bbox 1863 3325 1914 3391; x_wconf 73' lang='grc' dir='ltr'>ο</span> <span class='ocrx_word' id='word_1_760' title='bbox 1941 3321 2071 3375; x_wconf 87' lang='lat' dir='ltr'><strong><em>sicut</em></strong></span> <span class='ocrx_word' id='word_1_761' title='bbox 2100 3335 2277 3376; x_wconf 91' lang='lat' dir='ltr'><strong><em>cautos</em></strong></span> <span class='ocrx_word' id='word_1_762' title='bbox 2297 3317 2457 3391; x_wconf 51' lang='lat' dir='ltr'><strong><em>facit;</em></strong></span> <span class='ocrx_word' id='word_1_763' title='bbox 2484 3333 2589 3378; x_wconf 90' lang='lat' dir='ltr'><strong><em>etc.</em></strong></span> 
     </span>
    </p>
   </div>
   <div class='ocr_carea' id='block_1_126' title="bbox 2025 3393 2707 3464">
    <p class='ocr_par' dir='ltr' id='par_1_126' title="bbox 2025 3393 2707 3464">
     <span class='ocr_line' id='line_1_133' title="bbox 2025 3393 2707 3464; baseline 0.003 -18"><span class='ocrx_word' id='word_1_764' title='bbox 2025 3393 2155 3449; x_wconf 88' lang='lat' dir='ltr'><strong><em>Ibid.</em></strong></span> <span class='ocrx_word' id='word_1_765' title='bbox 2179 3395 2316 3448; x_wconf 79' lang='lat' dir='ltr'><strong><em>Audi</em></strong></span> <span class='ocrx_word' id='word_1_766' title='bbox 2336 3396 2541 3464; x_wconf 82' lang='lat' dir='ltr'><strong><em>ﬂentem</em></strong></span> <span class='ocrx_word' id='word_1_767' title='bbox 2567 3404 2615 3449; x_wconf 85' lang='lat' dir='ltr'><strong><em>et</em></strong></span> <span class='ocrx_word' id='word_1_768' title='bbox 2637 3394 2707 3448; x_wconf 85' lang='lat' dir='ltr'><strong><em>la-</em></strong></span> 
     </span>
    </p>
   </div>
   <div class='ocr_carea' id='block_1_127' title="bbox 1949 3467 2708 3536">
    <p class='ocr_par' dir='ltr' id='par_1_127' title="bbox 1949 3467 2708 3536">
     <span class='ocr_line' id='line_1_134' title="bbox 1949 3467 2708 3536; baseline -0.001 -16"><span class='ocrx_word' id='word_1_769' title='bbox 1949 3480 2150 3536; x_wconf 77' lang='lat' dir='ltr'><strong><em>erymas</em></strong></span> <span class='ocrx_word' id='word_1_770' title='bbox 2164 3467 2356 3536; x_wconf 75' lang='lat' dir='ltr'><strong><em>iunge;</em></strong></span> <span class='ocrx_word' id='word_1_771' title='bbox 2389 3467 2514 3520; x_wconf 90' lang='lat' dir='ltr'><strong><em>audi</em></strong></span> <span class='ocrx_word' id='word_1_772' title='bbox 2539 3481 2708 3521; x_wconf 81' lang='lat' dir='ltr'><strong><em>corre-</em></strong></span> 
     </span>
    </p>
   </div>
   <div class='ocr_carea' id='block_1_128' title="bbox 1950 3537 2545 3591">
    <p class='ocr_par' dir='ltr' id='par_1_128' title="bbox 1950 3537 2545 3591">
     <span class='ocr_line' id='line_1_135' title="bbox 1950 3537 2545 3591; baseline 0 -1"><span class='ocrx_word' id='word_1_773' title='bbox 1950 3546 2086 3590; x_wconf 90' lang='lat' dir='ltr'><strong><em>ctum</em></strong></span> <span class='ocrx_word' id='word_1_774' title='bbox 2114 3547 2158 3590; x_wconf 92' lang='lat' dir='ltr'><strong><em>et</em></strong></span> <span class='ocrx_word' id='word_1_775' title='bbox 2181 3537 2545 3591; x_wconf 88' lang='lat' dir='ltr'><strong><em>condelectare.</em></strong></span> 
     </span>
    </p>
   </div>
   <div class='ocr_carea' id='block_1_129' title="bbox 2025 3605 2705 3663">
    <p class='ocr_par' dir='ltr' id='par_1_129' title="bbox 2025 3605 2705 3663">
     <span class='ocr_line' id='line_1_136' title="bbox 2025 3605 2705 3663; baseline 0.001 -3"><span class='ocrx_word' id='word_1_776' title='bbox 2025 3607 2155 3662; x_wconf 83' lang='lat' dir='ltr'><strong><em>Ibid.</em></strong></span> <span class='ocrx_word' id='word_1_777' title='bbox 2214 3605 2404 3662; x_wconf 79' lang='lat' dir='ltr'><strong><em>Missus</em></strong></span> <span class='ocrx_word' id='word_1_778' title='bbox 2451 3616 2524 3663; x_wconf 93' lang='lat' dir='ltr'><strong><em>est</em></strong></span> <span class='ocrx_word' id='word_1_779' title='bbox 2572 3607 2705 3662; x_wconf 90' lang='lat' dir='ltr'><strong><em>enim</em></strong></span> 
     </span>
    </p>
   </div>
   <div class='ocr_carea' id='block_1_130' title="bbox 1950 3679 2705 3734">
    <p class='ocr_par' dir='ltr' id='par_1_130' title="bbox 1950 3679 2705 3734">
     <span class='ocr_line' id='line_1_137' title="bbox 1950 3679 2705 3734; baseline -0.003 0"><span class='ocrx_word' id='word_1_780' title='bbox 1950 3679 2018 3734; x_wconf 91' lang='lat' dir='ltr'><strong><em>ad</em></strong></span> <span class='ocrx_word' id='word_1_781' title='bbox 2063 3679 2216 3734; x_wconf 89' lang='lat' dir='ltr'><strong><em>istum</em></strong></span> <span class='ocrx_word' id='word_1_782' title='bbox 2283 3680 2446 3734; x_wconf 87' lang='lat' dir='ltr'><strong><em>virum</em></strong></span> <span class='ocrx_word' id='word_1_783' title='bbox 2491 3679 2705 3734; x_wconf 88' lang='lat' dir='ltr'><strong><em>Nathan</em></strong></span> 
     </span>
    </p>
   </div>
   <div class='ocr_carea' id='block_1_131' title="bbox 1952 3749 2704 3822">
    <p class='ocr_par' dir='ltr' id='par_1_131' title="bbox 1952 3749 2704 3822">
     <span class='ocr_line' id='line_1_138' title="bbox 1952 3749 2704 3822; baseline 0 -18"><span class='ocrx_word' id='word_1_784' title='bbox 1952 3749 2196 3822; x_wconf 87' lang='lat' dir='ltr'><strong><em>propheta</em></strong></span> <span class='ocrx_word' id='word_1_785' title='bbox 2241 3767 2260 3805; x_wconf 91' lang='lat'><strong><em>:</em></strong></span> <span class='ocrx_word' id='word_1_786' title='bbox 2317 3751 2518 3806; x_wconf 89' lang='lat' dir='ltr'><strong><em>attende</em></strong></span> <span class='ocrx_word' id='word_1_787' title='bbox 2572 3749 2704 3820; x_wconf 88' lang='lat' dir='ltr'><strong><em>regis</em></strong></span> 
     </span>
    </p>
   </div>
   <div class='ocr_carea' id='block_1_132' title="bbox 1952 3821 2705 3890">
    <p class='ocr_par' dir='ltr' id='par_1_132' title="bbox 1952 3821 2705 3890">
     <span class='ocr_line' id='line_1_139' title="bbox 1952 3821 2705 3890; baseline -0.004 -14"><span class='ocrx_word' id='word_1_788' title='bbox 1952 3821 2313 3876; x_wconf 85' lang='lat' dir='ltr'><strong><em>humilitatem.</em></strong></span> <span class='ocrx_word' id='word_1_789' title='bbox 2357 3823 2476 3876; x_wconf 85' lang='lat' dir='ltr'><strong><em>Non</em></strong></span> <span class='ocrx_word' id='word_1_790' title='bbox 2515 3823 2705 3890; x_wconf 84' lang='lat' dir='ltr'><strong><em>respuit</em></strong></span> 
     </span>
    </p>
   </div>
   <div class='ocr_carea' id='block_1_133' title="bbox 1949 3893 2706 3962">
    <p class='ocr_par' dir='ltr' id='par_1_133' title="bbox 1949 3893 2706 3962">
     <span class='ocr_line' id='line_1_140' title="bbox 1949 3893 2706 3962; baseline -0.003 -14"><span class='ocrx_word' id='word_1_791' title='bbox 1949 3893 2098 3948; x_wconf 83' lang='lat' dir='ltr'><strong><em>verba</em></strong></span> <span class='ocrx_word' id='word_1_792' title='bbox 2152 3895 2492 3962; x_wconf 68' lang='lat' dir='ltr'><strong><em>praecipientis</em></strong></span> <span class='ocrx_word' id='word_1_793' title='bbox 2517 3934 2534 3960; x_wconf 94' lang='lat'><strong><em>,</em></strong></span> <span class='ocrx_word' id='word_1_794' title='bbox 2606 3909 2706 3946; x_wconf 91' lang='lat' dir='ltr'><strong><em>non</em></strong></span> 
     </span>
    </p>
   </div>
   <div class='ocr_carea' id='block_1_134' title="bbox 1951 3964 2705 4030">
    <p class='ocr_par' dir='ltr' id='par_1_134' title="bbox 1951 3964 2705 4030">
     <span class='ocr_line' id='line_1_141' title="bbox 1951 3964 2705 4030; baseline 0.001 -13"><span class='ocrx_word' id='word_1_795' title='bbox 1951 3964 2122 4018; x_wconf 87' lang='lat' dir='ltr'><strong><em>dixit:</em></strong></span> <span class='ocrx_word' id='word_1_796' title='bbox 2167 3965 2335 4019; x_wconf 86' lang='lat' dir='ltr'><strong><em>Audes</em></strong></span> <span class='ocrx_word' id='word_1_797' title='bbox 2388 3965 2512 4020; x_wconf 91' lang='lat' dir='ltr'><strong><em>mihi</em></strong></span> <span class='ocrx_word' id='word_1_798' title='bbox 2569 3964 2705 4030; x_wconf 85' lang='lat' dir='ltr'><strong><em>loqui</em></strong></span> 
     </span>
    </p>
   </div>
   <div class='ocr_carea' id='block_1_135' title="bbox 1950 4035 2706 4105">
    <p class='ocr_par' dir='ltr' id='par_1_135' title="bbox 1950 4035 2706 4105">
     <span class='ocr_line' id='line_1_142' title="bbox 1950 4035 2706 4105; baseline -0.001 -16"><span class='ocrx_word' id='word_1_799' title='bbox 1950 4035 2098 4105; x_wconf 83' lang='lat' dir='ltr'><strong><em>regi?</em></strong></span> <span class='ocrx_word' id='word_1_800' title='bbox 2141 4035 2252 4090; x_wconf 83' lang='lat' dir='ltr'><strong><em>Rex</em></strong></span> <span class='ocrx_word' id='word_1_801' title='bbox 2296 4035 2526 4089; x_wconf 89' lang='lat' dir='ltr'><strong><em>sublimis</em></strong></span> <span class='ocrx_word' id='word_1_802' title='bbox 2572 4035 2706 4088; x_wconf 86' lang='lat' dir='ltr'><strong><em>Pro-</em></strong></span> 
     </span>
    </p>
   </div>
   <div class='ocr_carea' id='block_1_136' title="bbox 1952 4107 2704 4178">
    <p class='ocr_par' dir='ltr' id='par_1_136' title="bbox 1952 4107 2704 4178">
     <span class='ocr_line' id='line_1_143' title="bbox 1952 4107 2704 4178; baseline 0.003 -20"><span class='ocrx_word' id='word_1_803' title='bbox 1952 4110 2157 4178; x_wconf 85' lang='lat' dir='ltr'><strong><em>phetam</em></strong></span> <span class='ocrx_word' id='word_1_804' title='bbox 2178 4108 2402 4178; x_wconf 75' lang='lat' dir='ltr'><strong><em>audivit;</em></strong></span> <span class='ocrx_word' id='word_1_805' title='bbox 2434 4107 2573 4176; x_wconf 85' lang='lat' dir='ltr'><strong><em>plebs</em></strong></span> <span class='ocrx_word' id='word_1_806' title='bbox 2594 4108 2704 4178; x_wconf 86' lang='lat' dir='ltr'><strong><em>ejus</em></strong></span> 
     </span>
    </p>
   </div>
   <div class='ocr_carea' id='block_1_137' title="bbox 1951 4175 2700 4232">
    <p class='ocr_par' dir='ltr' id='par_1_137' title="bbox 1951 4175 2700 4232">
     <span class='ocr_line' id='line_1_144' title="bbox 1951 4175 2700 4232; baseline 0.001 -3"><span class='ocrx_word' id='word_1_807' title='bbox 1951 4175 2162 4232; x_wconf 86' lang='lat' dir='ltr'><strong><em>humilis</em></strong></span> <span class='ocrx_word' id='word_1_808' title='bbox 2198 4175 2459 4232; x_wconf 82' lang='lat' dir='ltr'><strong><em>Christum</em></strong></span> <span class='ocrx_word' id='word_1_809' title='bbox 2502 4175 2700 4232; x_wconf 88' lang='lat' dir='ltr'><strong><em>audiat.</em></strong></span> 
     </span>
    </p>
   </div>
   <div class='ocr_carea' id='block_1_138' title="bbox 2826 1125 3515 1187">
    <p class='ocr_par' dir='ltr' id='par_1_138' title="bbox 2826 1125 3515 1187">
     <span class='ocr_line' id='line_1_145' title="bbox 2826 1125 3515 1187; baseline 0.01 -8"><span class='ocrx_word' id='word_1_810' title='bbox 2826 1125 2922 1179; x_wconf 89' lang='lat' dir='ltr'><strong><em>Iid.</em></strong></span> <span class='ocrx_word' id='word_1_811' title='bbox 2974 1127 3298 1182; x_wconf 80' lang='lat' dir='ltr'><strong><em>Adulterium</em></strong></span> <span class='ocrx_word' id='word_1_812' title='bbox 3374 1131 3515 1187; x_wconf 87' lang='lat' dir='ltr'><strong><em>enim</em></strong></span> 
     </span>
    </p>
   </div>
   <div class='ocr_carea' id='block_1_139' title="bbox 2751 1196 3507 1256">
    <p class='ocr_par' dir='ltr' id='par_1_139' title="bbox 2751 1196 3507 1256">
     <span class='ocr_line' id='line_1_146' title="bbox 2751 1196 3507 1256; baseline 0.011 -7"><span class='ocrx_word' id='word_1_813' title='bbox 2751 1196 2906 1250; x_wconf 83' lang='lat' dir='ltr'><strong><em>simul</em></strong></span> <span class='ocrx_word' id='word_1_814' title='bbox 2947 1206 2994 1250; x_wconf 84' lang='lat' dir='ltr'><strong><em>et</em></strong></span> <span class='ocrx_word' id='word_1_815' title='bbox 3041 1196 3373 1254; x_wconf 85' lang='lat' dir='ltr'><strong><em>homicidium</em></strong></span> <span class='ocrx_word' id='word_1_816' title='bbox 3406 1218 3507 1256; x_wconf 88' lang='lat' dir='ltr'><strong><em>non</em></strong></span> 
     </span>
    </p>
   </div>
   <div class='ocr_carea' id='block_1_140' title="bbox 2754 1266 3219 1334">
    <p class='ocr_par' dir='ltr' id='par_1_140' title="bbox 2754 1266 3219 1334">
     <span class='ocr_line' id='line_1_147' title="bbox 2754 1266 3219 1334; baseline 0.004 -14"><span class='ocrx_word' id='word_1_817' title='bbox 2754 1266 2871 1334; x_wconf 86' lang='lat' dir='ltr'><strong><em>fecit</em></strong></span> <span class='ocrx_word' id='word_1_818' title='bbox 2899 1267 3088 1334; x_wconf 87' lang='lat' dir='ltr'><strong><em>David,</em></strong></span> <span class='ocrx_word' id='word_1_819' title='bbox 3113 1281 3219 1324; x_wconf 86' lang='lat' dir='ltr'><strong><em>etc.</em></strong></span> 
     </span>
    </p>
   </div>
   <div class='ocr_carea' id='block_1_141' title="bbox 2829 1337 3516 1398">
    <p class='ocr_par' dir='ltr' id='par_1_141' title="bbox 2829 1337 3516 1398">
     <span class='ocr_line' id='line_1_148' title="bbox 2829 1337 3516 1398; baseline 0.01 -8"><span class='ocrx_word' id='word_1_820' title='bbox 2829 1337 2923 1392; x_wconf 92' lang='lat' dir='ltr'><strong><em>Iid.</em></strong></span> <span class='ocrx_word' id='word_1_821' title='bbox 2994 1339 3160 1394; x_wconf 84' lang='lat' dir='ltr'><strong><em>Tanto</em></strong></span> <span class='ocrx_word' id='word_1_822' title='bbox 3218 1342 3270 1394; x_wconf 87' lang='lat' dir='ltr'><strong><em>in</em></strong></span> <span class='ocrx_word' id='word_1_823' title='bbox 3307 1340 3516 1398; x_wconf 83' lang='lat' dir='ltr'><strong><em>Domini</em></strong></span> 
     </span>
    </p>
   </div>
   <div class='ocr_carea' id='block_1_142' title="bbox 2758 1408 3511 1484">
    <p class='ocr_par' dir='ltr' id='par_1_142' title="bbox 2758 1408 3511 1484">
     <span class='ocr_line' id='line_1_149' title="bbox 2758 1408 3511 1484; baseline 0.012 -26"><span class='ocrx_word' id='word_1_824' title='bbox 2758 1408 3163 1484; x_wconf 84' lang='lat' dir='ltr'><strong><em>misericordiam</em></strong></span> <span class='ocrx_word' id='word_1_825' title='bbox 3251 1412 3511 1484; x_wconf 82' lang='lat' dir='ltr'><strong><em>intentior,</em></strong></span> 
     </span>
    </p>
   </div>
   <div class='ocr_carea' id='block_1_143' title="bbox 2758 1481 3515 1547">
    <p class='ocr_par' dir='ltr' id='par_1_143' title="bbox 2758 1481 3515 1547">
     <span class='ocr_line' id='line_1_150' title="bbox 2758 1481 3515 1547; baseline 0.018 -19"><span class='ocrx_word' id='word_1_826' title='bbox 2758 1489 2944 1547; x_wconf 84' lang='lat' dir='ltr'><strong><em>quanto</em></strong></span> <span class='ocrx_word' id='word_1_827' title='bbox 2973 1481 3205 1534; x_wconf 88' lang='lat' dir='ltr'><strong><em>miserior</em></strong></span> <span class='ocrx_word' id='word_1_828' title='bbox 3227 1481 3515 1542; x_wconf 78' lang='lat' dir='ltr'><strong><em>videbatur.</em></strong></span> 
     </span>
    </p>
   </div>
   <div class='ocr_carea' id='block_1_144' title="bbox 2759 1549 3369 1622">
    <p class='ocr_par' dir='ltr' id='par_1_144' title="bbox 2759 1549 3369 1622">
     <span class='ocr_line' id='line_1_151' title="bbox 2759 1549 3369 1622; baseline 0.015 -21"><span class='ocrx_word' id='word_1_829' title='bbox 2759 1549 2823 1602; x_wconf 75' lang='lat' dir='ltr'><strong><em>At</em></strong></span> <span class='ocrx_word' id='word_1_830' title='bbox 2854 1549 2938 1604; x_wconf 90' lang='lat' dir='ltr'><strong><em>ubi</em></strong></span> <span class='ocrx_word' id='word_1_831' title='bbox 2960 1552 3127 1622; x_wconf 85' lang='lat' dir='ltr'><strong><em>factus</em></strong></span> <span class='ocrx_word' id='word_1_832' title='bbox 3150 1563 3243 1620; x_wconf 89' lang='lat' dir='ltr'><strong><em>est,</em></strong></span> <span class='ocrx_word' id='word_1_833' title='bbox 3265 1565 3369 1610; x_wconf 87' lang='lat' dir='ltr'><strong><em>etc.</em></strong></span> 
     </span>
    </p>
   </div>
   <div class='ocr_carea' id='block_1_145' title="bbox 2759 1831 3439 1894">
    <p class='ocr_par' dir='ltr' id='par_1_145' title="bbox 2759 1831 3439 1894">
     <span class='ocr_line' id='line_1_152' title="bbox 2759 1831 3439 1894; baseline 0.015 -10"><span class='ocrx_word' id='word_1_834' title='bbox 2759 1861 2765 1866; x_wconf 97' lang='lat'><strong><em>-</em></strong></span> <span class='ocrx_word' id='word_1_835' title='bbox 2819 1831 2917 1887; x_wconf 90' lang='lat' dir='ltr'><strong><em>Iid.</em></strong></span> <span class='ocrx_word' id='word_1_836' title='bbox 2956 1831 3222 1894; x_wconf 83' lang='lat' dir='ltr'><strong><em>Pressuris</em></strong></span> <span class='ocrx_word' id='word_1_837' title='bbox 3250 1839 3439 1894; x_wconf 88' lang='lat' dir='ltr'><strong><em>caruit.</em></strong></span> 
     </span>
    </p>
   </div>
   <div class='ocr_carea' id='block_1_146' title="bbox 2832 1902 3521 1986">
    <p class='ocr_par' dir='ltr' id='par_1_146' title="bbox 2832 1902 3521 1986">
     <span class='ocr_line' id='line_1_153' title="bbox 2832 1902 3521 1986; baseline 0.015 -29"><span class='ocrx_word' id='word_1_838' title='bbox 2832 1902 2960 1986; x_wconf 76' lang='lat' dir='ltr'><strong><em>Iid._</em></strong></span> <span class='ocrx_word' id='word_1_839' title='bbox 2994 1903 3179 1962; x_wconf 80' lang='lat' dir='ltr'><strong><em>Valeat</em></strong></span> <span class='ocrx_word' id='word_1_840' title='bbox 3233 1911 3331 1964; x_wconf 86' lang='lat' dir='ltr'><strong><em>hoc</em></strong></span> <span class='ocrx_word' id='word_1_841' title='bbox 3401 1927 3521 1986; x_wconf 85' lang='lat' dir='ltr'><strong><em>ergo</em></strong></span> 
     </span>
    </p>
   </div>
   <div class='ocr_carea' id='block_1_147' title="bbox 2758 1974 3067 2045">
    <p class='ocr_par' dir='ltr' id='par_1_147' title="bbox 2758 1974 3067 2045">
     <span class='ocr_line' id='line_1_154' title="bbox 2758 1974 3067 2045; baseline 0.01 -17"><span class='ocrx_word' id='word_1_842' title='bbox 2758 1974 3067 2045; x_wconf 73' lang='lat' dir='ltr'><strong><em>exemplum.</em></strong></span> 
     </span>
    </p>
   </div>
   <div class='ocr_carea' id='block_1_148' title="bbox 2832 2045 3521 2125">
    <p class='ocr_par' dir='ltr' id='par_1_148' title="bbox 2832 2045 3521 2125">
     <span class='ocr_line' id='line_1_155' title="bbox 2832 2045 3521 2125; baseline 0.016 -27"><span class='ocrx_word' id='word_1_843' title='bbox 2832 2045 2931 2100; x_wconf 88' lang='lat' dir='ltr'><strong><em>Iid.</em></strong></span> <span class='ocrx_word' id='word_1_844' title='bbox 2979 2047 3209 2125; x_wconf 84' lang='lat' dir='ltr'><strong><em>_Audiant</em></strong></span> <span class='ocrx_word' id='word_1_845' title='bbox 3272 2051 3382 2107; x_wconf 66' lang='lat' dir='ltr'><strong><em>haec</em></strong></span> <span class='ocrx_word' id='word_1_846' title='bbox 3431 2055 3521 2125; x_wconf 85' lang='lat' dir='ltr'><strong><em>qui</em></strong></span> 
     </span>
    </p>
   </div>
   <div class='ocr_carea' id='block_1_149' title="bbox 2761 2117 3521 2179">
    <p class='ocr_par' dir='ltr' id='par_1_149' title="bbox 2761 2117 3521 2179">
     <span class='ocr_line' id='line_1_156' title="bbox 2761 2117 3521 2179; baseline 0.014 -11"><span class='ocrx_word' id='word_1_847' title='bbox 2761 2117 2859 2170; x_wconf 85' lang='lat' dir='ltr'><strong><em>hac</em></strong></span> <span class='ocrx_word' id='word_1_848' title='bbox 2887 2117 3076 2174; x_wconf 87' lang='lat' dir='ltr'><strong><em>malum</em></strong></span> <span class='ocrx_word' id='word_1_849' title='bbox 3123 2139 3224 2176; x_wconf 90' lang='lat' dir='ltr'><strong><em>non</em></strong></span> <span class='ocrx_word' id='word_1_850' title='bbox 3252 2117 3521 2179; x_wconf 78' lang='lat' dir='ltr'><strong><em>commise-</em></strong></span> 
     </span>
    </p>
   </div>
   <div class='ocr_carea' id='block_1_150' title="bbox 2760 2199 2900 2244">
    <p class='ocr_par' dir='ltr' id='par_1_150' title="bbox 2760 2199 2900 2244">
     <span class='ocr_line' id='line_1_157' title="bbox 2760 2199 2900 2244; baseline 0.007 -2"><span class='ocrx_word' id='word_1_851' title='bbox 2760 2199 2900 2244; x_wconf 86' lang='lat' dir='ltr'><strong><em>runt.</em></strong></span> 
     </span>
    </p>
   </div>
   <div class='ocr_carea' id='block_1_151' title="bbox 2836 2255 3526 2339">
    <p class='ocr_par' dir='ltr' id='par_1_151' title="bbox 2836 2255 3526 2339">
     <span class='ocr_line' id='line_1_158' title="bbox 2836 2255 3526 2339; baseline 0.014 -27"><span class='ocrx_word' id='word_1_852' title='bbox 2836 2255 2932 2314; x_wconf 82' lang='lat' dir='ltr'><strong><em>Iid.</em></strong></span> <span class='ocrx_word' id='word_1_853' title='bbox 2976 2259 3042 2339; x_wconf 66' lang='grc' dir='ltr'><strong><em>βε</em></strong></span> <span class='ocrx_word' id='word_1_854' title='bbox 3065 2279 3178 2319; x_wconf 90' lang='lat' dir='ltr'><strong><em>vero</em></strong></span> <span class='ocrx_word' id='word_1_855' title='bbox 3207 2267 3392 2339; x_wconf 82' lang='lat' dir='ltr'><strong><em>aliquis</em></strong></span> <span class='ocrx_word' id='word_1_856' title='bbox 3408 2270 3526 2339; x_wconf 85' lang='lat' dir='ltr'><strong><em>jam</em></strong></span> 
     </span>
    </p>
   </div>
   <div class='ocr_carea' id='block_1_152' title="bbox 2764 2329 3524 2413">
    <p class='ocr_par' dir='ltr' id='par_1_152' title="bbox 2764 2329 3524 2413">
     <span class='ocr_line' id='line_1_159' title="bbox 2764 2329 3524 2413; baseline 0.014 -31"><span class='ocrx_word' id='word_1_857' title='bbox 2764 2329 2940 2413; x_wconf 79' lang='lat' dir='ltr'><strong><em>lapsus</em></strong></span> <span class='ocrx_word' id='word_1_858' title='bbox 2966 2331 3088 2413; x_wconf 66' lang='lat' dir='ltr'><strong><em>hac</em></strong></span> <span class='ocrx_word' id='word_1_859' title='bbox 3109 2329 3334 2413; x_wconf 76' lang='lat' dir='ltr'><strong><em>audivit,</em></strong></span> <span class='ocrx_word' id='word_1_860' title='bbox 3365 2329 3524 2392; x_wconf 63' lang='lat' dir='ltr'><strong><em>st&#39;ni-</em></strong></span> 
     </span>
    </p>
   </div>
   <div class='ocr_carea' id='block_1_153' title="bbox 2765 2405 3527 2478">
    <p class='ocr_par' dir='ltr' id='par_1_153' title="bbox 2765 2405 3527 2478">
     <span class='ocr_line' id='line_1_160' title="bbox 2765 2405 3527 2478; baseline 0.013 -22"><span class='ocrx_word' id='word_1_861' title='bbox 2765 2405 2869 2456; x_wconf 89' lang='lat' dir='ltr'><strong><em>tnio</em></strong></span> <span class='ocrx_word' id='word_1_862' title='bbox 2907 2405 3116 2478; x_wconf 80' lang='lat' dir='ltr'><strong><em>sceleris</em></strong></span> <span class='ocrx_word' id='word_1_863' title='bbox 3161 2409 3388 2477; x_wconf 77' lang='lat' dir='ltr'><strong><em>pondere</em></strong></span> <span class='ocrx_word' id='word_1_864' title='bbox 3431 2425 3527 2478; x_wconf 74' lang='lat' dir='ltr'><strong><em>op-</em></strong></span> 
     </span>
    </p>
   </div>
   <div class='ocr_carea' id='block_1_154' title="bbox 2766 2476 3526 2553">
    <p class='ocr_par' dir='ltr' id='par_1_154' title="bbox 2766 2476 3526 2553">
     <span class='ocr_line' id='line_1_161' title="bbox 2766 2476 3526 2553; baseline 0.013 -27"><span class='ocrx_word' id='word_1_865' title='bbox 2766 2488 2971 2553; x_wconf 67' lang='lat' dir='ltr'><strong><em>pressus</em></strong></span> <span class='ocrx_word' id='word_1_866' title='bbox 3000 2476 3273 2553; x_wconf 70' lang='lat' dir='ltr'><strong><em>desperare</em></strong></span> <span class='ocrx_word' id='word_1_867' title='bbox 3284 2481 3401 2553; x_wconf 86' lang='lat' dir='ltr'><strong><em>jam</em></strong></span> <span class='ocrx_word' id='word_1_868' title='bbox 3426 2476 3526 2537; x_wconf 73' lang='lat' dir='ltr'><strong><em>cte-</em></strong></span> 
     </span>
    </p>
   </div>
   <div class='ocr_carea' id='block_1_155' title="bbox 2766 2546 3521 2618">
    <p class='ocr_par' dir='ltr' id='par_1_155' title="bbox 2766 2546 3521 2618">
     <span class='ocr_line' id='line_1_162' title="bbox 2766 2546 3521 2618; baseline 0.017 -23"><span class='ocrx_word' id='word_1_869' title='bbox 2766 2546 2861 2611; x_wconf 87' lang='lat' dir='ltr'><strong><em>pit,</em></strong></span> <span class='ocrx_word' id='word_1_870' title='bbox 2881 2546 3114 2602; x_wconf 89' lang='lat' dir='ltr'><strong><em>attendat</em></strong></span> <span class='ocrx_word' id='word_1_871' title='bbox 3138 2546 3384 2618; x_wconf 72' lang='lat' dir='ltr'><strong><em>vulneris,</em></strong></span> <span class='ocrx_word' id='word_1_872' title='bbox 3415 2559 3521 2609; x_wconf 89' lang='lat' dir='ltr'><strong><em>etc.</em></strong></span> 
     </span>
    </p>
   </div>
   <div class='ocr_carea' id='block_1_156' title="bbox 2842 2685 3525 2762">
    <p class='ocr_par' dir='ltr' id='par_1_156' title="bbox 2842 2685 3525 2762">
     <span class='ocr_line' id='line_1_163' title="bbox 2842 2685 3525 2762; baseline 0.004 -23"><span class='ocrx_word' id='word_1_873' title='bbox 2842 2686 2938 2762; x_wconf 79' lang='lat' dir='ltr'><strong><em>Iid.</em></strong></span> <span class='ocrx_word' id='word_1_874' title='bbox 2974 2685 3098 2743; x_wconf 82' lang='lat' dir='ltr'><strong><em>Non</em></strong></span> <span class='ocrx_word' id='word_1_875' title='bbox 3143 2692 3374 2762; x_wconf 75' lang='lat' dir='ltr'><strong><em>desperet</em></strong></span> <span class='ocrx_word' id='word_1_876' title='bbox 3409 2699 3525 2751; x_wconf 61' lang='grc' dir='ltr'><strong><em>η.</em></strong></span> 
     </span>
    </p>
   </div>
   <div class='ocr_carea' id='block_1_157' title="bbox 2767 2756 3221 2825">
    <p class='ocr_par' dir='ltr' id='par_1_157' title="bbox 2767 2756 3221 2825">
     <span class='ocr_line' id='line_1_164' title="bbox 2767 2756 3221 2825; baseline 0.022 -15"><span class='ocrx_word' id='word_1_877' title='bbox 2767 2756 2870 2811; x_wconf 91' lang='lat' dir='ltr'><strong><em>dici</em></strong></span> <span class='ocrx_word' id='word_1_878' title='bbox 2900 2769 3221 2825; x_wconf 81' lang='lat' dir='ltr'><strong><em>potestatem.</em></strong></span> 
     </span>
    </p>
   </div>
   <div class='ocr_carea' id='block_1_158' title="bbox 2839 2825 3530 2900">
    <p class='ocr_par' dir='ltr' id='par_1_158' title="bbox 2839 2825 3530 2900">
     <span class='ocr_line' id='line_1_165' title="bbox 2839 2825 3530 2900; baseline 0.017 -20"><span class='ocrx_word' id='word_1_879' title='bbox 2839 2825 2936 2883; x_wconf 90' lang='lat' dir='ltr'><strong><em>Iid.</em></strong></span> <span class='ocrx_word' id='word_1_880' title='bbox 2967 2828 3134 2885; x_wconf 88' lang='lat' dir='ltr'><strong><em>Nemo</em></strong></span> <span class='ocrx_word' id='word_1_881' title='bbox 3164 2827 3319 2900; x_wconf 81' lang='lat' dir='ltr'><strong><em>dicat,</em></strong></span> <span class='ocrx_word' id='word_1_882' title='bbox 3347 2835 3460 2900; x_wconf 83' lang='lat' dir='ltr'><strong><em>Ego</em></strong></span> <span class='ocrx_word' id='word_1_883' title='bbox 3483 2840 3530 2892; x_wconf 87' lang='lat' dir='ltr'><strong><em>si</em></strong></span> 
     </span>
    </p>
   </div>
   <div class='ocr_carea' id='block_1_159' title="bbox 2756 2877 3524 2975">
    <p class='ocr_par' dir='ltr' id='par_1_159' title="bbox 2756 2877 3524 2975">
     <span class='ocr_line' id='line_1_166' title="bbox 2756 2877 3524 2975; baseline 0.013 -24"><span class='ocrx_word' id='word_1_884' title='bbox 2756 2877 2877 2975; x_wconf 72' lang='lat' dir='ltr'><strong><em>jam</em></strong></span> <span class='ocrx_word' id='word_1_885' title='bbox 3347 2877 3524 2975; x_wconf 47' lang='lat' dir='ltr'><strong><em>“fici;</em></strong></span> 
     </span>
    </p>
   </div>
   <div class='ocr_carea' id='block_1_160' title="bbox 2766 2970 3207 3030">
    <p class='ocr_par' dir='ltr' id='par_1_160' title="bbox 2766 2970 3207 3030">
     <span class='ocr_line' id='line_1_167' title="bbox 2766 2970 3207 3030; baseline 0.007 -6"><span class='ocrx_word' id='word_1_886' title='bbox 2766 2970 3039 3027; x_wconf 77' lang='lat' dir='ltr'><strong><em>damnatus</em></strong></span> <span class='ocrx_word' id='word_1_887' title='bbox 3075 2989 3207 3030; x_wconf 81' lang='lat' dir='ltr'><strong><em>sum.</em></strong></span> 
     </span>
    </p>
   </div>
   <div class='ocr_carea' id='block_1_161' title="bbox 2843 3037 3531 3104">
    <p class='ocr_par' dir='ltr' id='par_1_161' title="bbox 2843 3037 3531 3104">
     <span class='ocr_line' id='line_1_168' title="bbox 2843 3037 3531 3104; baseline 0.015 -10"><span class='ocrx_word' id='word_1_888' title='bbox 2843 3039 2940 3098; x_wconf 87' lang='lat' dir='ltr'><strong><em>Iid.</em></strong></span> <span class='ocrx_word' id='word_1_889' title='bbox 2966 3037 3140 3096; x_wconf 83' lang='lat' dir='ltr'><strong><em>Fruar</em></strong></span> <span class='ocrx_word' id='word_1_890' title='bbox 3159 3047 3346 3102; x_wconf 73' lang='lat' dir='ltr'><strong><em>saeculo</em></strong></span> <span class='ocrx_word' id='word_1_891' title='bbox 3370 3051 3425 3103; x_wconf 90' lang='lat' dir='ltr'><strong><em>in</em></strong></span> <span class='ocrx_word' id='word_1_892' title='bbox 3453 3067 3531 3104; x_wconf 81' lang='lat' dir='ltr'><strong><em>vo-</em></strong></span> 
     </span>
    </p>
   </div>
   <div class='ocr_carea' id='block_1_162' title="bbox 2769 3113 3531 3191">
    <p class='ocr_par' dir='ltr' id='par_1_162' title="bbox 2769 3113 3531 3191">
     <span class='ocr_line' id='line_1_169' title="bbox 2769 3113 3531 3191; baseline 0.016 -27"><span class='ocrx_word' id='word_1_893' title='bbox 2769 3113 2982 3191; x_wconf 80' lang='lat' dir='ltr'><strong><em>luptate_</em></strong></span> <span class='ocrx_word' id='word_1_894' title='bbox 3003 3113 3213 3191; x_wconf 68' lang='lat' dir='ltr'><strong><em>lasciva,</em></strong></span> <span class='ocrx_word' id='word_1_895' title='bbox 3239 3117 3298 3173; x_wconf 75' lang='lat' dir='ltr'><strong><em>in</em></strong></span> <span class='ocrx_word' id='word_1_896' title='bbox 3327 3121 3531 3191; x_wconf 80' lang='lat' dir='ltr'><strong><em>cupidi-</em></strong></span> 
     </span>
    </p>
   </div>
   <div class='ocr_carea' id='block_1_163' title="bbox 2769 3185 3530 3332">
    <p class='ocr_par' dir='ltr' id='par_1_163' title="bbox 2769 3185 3530 3332">
     <span class='ocr_line' id='line_1_170' title="bbox 2769 3185 3405 3254; baseline 0.013 -16"><span class='ocrx_word' id='word_1_897' title='bbox 2769 3191 2870 3238; x_wconf 88' lang='lat' dir='ltr'><strong><em>tate</em></strong></span> <span class='ocrx_word' id='word_1_898' title='bbox 2889 3185 3110 3254; x_wconf 89' lang='lat' dir='ltr'><strong><em>nefaria.</em></strong></span> <span class='ocrx_word' id='word_1_899' title='bbox 3395 3185 3405 3191; x_wconf 65' lang='grc'>⁷</span> 
     </span>
     <span class='ocr_line' id='line_1_171' title="bbox 2797 3253 3530 3332; baseline 0.02 -29"><span class='ocrx_word' id='word_1_900' title='bbox 2797 3321 2811 3332; x_wconf 80' lang='lat'><em>_</em></span> <span class='ocrx_word' id='word_1_901' title='bbox 2841 3253 2935 3332; x_wconf 87' lang='lat' dir='ltr'><strong><em>Iid.</em></strong></span> <span class='ocrx_word' id='word_1_902' title='bbox 2985 3254 3293 3332; x_wconf 38' lang='lat' dir='ltr'><strong><em>Deus‘enim</em></strong></span> <span class='ocrx_word' id='word_1_903' title='bbox 3336 3270 3530 3332; x_wconf 87' lang='lat' dir='ltr'><strong><em>noster,</em></strong></span> 
     </span>
    </p>
   </div>
   <div class='ocr_carea' id='block_1_164' title="bbox 2768 3321 3404 3395">
    <p class='ocr_par' dir='ltr' id='par_1_164' title="bbox 2768 3321 3404 3395">
     <span class='ocr_line' id='line_1_172' title="bbox 2768 3321 3404 3395; baseline 0.017 -21"><span class='ocrx_word' id='word_1_904' title='bbox 2768 3321 2896 3395; x_wconf 82' lang='lat' dir='ltr'><strong><em>sicut</em></strong></span> <span class='ocrx_word' id='word_1_905' title='bbox 2913 3336 3101 3395; x_wconf 80' lang='lat' dir='ltr'><strong><em>cautos</em></strong></span> <span class='ocrx_word' id='word_1_906' title='bbox 3127 3327 3267 3395; x_wconf 89' lang='lat' dir='ltr'><strong><em>facit,</em></strong></span> <span class='ocrx_word' id='word_1_907' title='bbox 3299 3341 3404 3385; x_wconf 90' lang='lat' dir='ltr'><strong><em>etc.</em></strong></span> 
     </span>
    </p>
   </div>
   <div class='ocr_carea' id='block_1_165' title="bbox 2851 3393 3531 3468">
    <p class='ocr_par' dir='ltr' id='par_1_165' title="bbox 2851 3393 3531 3468">
     <span class='ocr_line' id='line_1_173' title="bbox 2851 3393 3531 3468; baseline 0.01 -20"><span class='ocrx_word' id='word_1_908' title='bbox 2851 3393 2948 3468; x_wconf 80' lang='lat' dir='ltr'><strong><em>Iid.</em></strong></span> <span class='ocrx_word' id='word_1_909' title='bbox 3017 3393 3152 3450; x_wconf 80' lang='lat' dir='ltr'><strong><em>Audi</em></strong></span> <span class='ocrx_word' id='word_1_910' title='bbox 3197 3400 3438 3468; x_wconf 83' lang='lat' dir='ltr'><strong><em>flentem,</em></strong></span> <span class='ocrx_word' id='word_1_911' title='bbox 3482 3413 3531 3460; x_wconf 85' lang='lat' dir='ltr'><strong><em>et</em></strong></span> 
     </span>
    </p>
   </div>
   <div class='ocr_carea' id='block_1_166' title="bbox 2778 3465 3531 3536">
    <p class='ocr_par' dir='ltr' id='par_1_166' title="bbox 2778 3465 3531 3536">
     <span class='ocr_line' id='line_1_174' title="bbox 2778 3465 3531 3536; baseline 0 -20"><span class='ocrx_word' id='word_1_912' title='bbox 2778 3465 3176 3536; x_wconf 79' lang='lat' dir='ltr'><strong><em>collacrymare;</em></strong></span> <span class='ocrx_word' id='word_1_913' title='bbox 3198 3465 3327 3526; x_wconf 77' lang='lat' dir='ltr'><strong><em>audi</em></strong></span> <span class='ocrx_word' id='word_1_914' title='bbox 3355 3465 3531 3530; x_wconf 66' lang='lat' dir='ltr'><strong><em>eam.</em></strong></span> 
     </span>
    </p>
   </div>
   <div class='ocr_carea' id='block_1_167' title="bbox 2781 3540 3302 3596">
    <p class='ocr_par' dir='ltr' id='par_1_167' title="bbox 2781 3540 3302 3596">
     <span class='ocr_line' id='line_1_175' title="bbox 2781 3540 3302 3596; baseline 0.013 -8"><span class='ocrx_word' id='word_1_915' title='bbox 2781 3545 2923 3588; x_wconf 87' lang='lat' dir='ltr'><strong><em>ctum</em></strong></span> <span class='ocrx_word' id='word_1_916' title='bbox 2950 3544 2996 3590; x_wconf 84' lang='lat' dir='ltr'><strong><em>et</em></strong></span> <span class='ocrx_word' id='word_1_917' title='bbox 3026 3540 3302 3596; x_wconf 74' lang='lat' dir='ltr'><strong><em>collwtare.</em></strong></span> 
     </span>
    </p>
   </div>
   <div class='ocr_carea' id='block_1_168' title="bbox 2850 3603 3532 3668">
    <p class='ocr_par' dir='ltr' id='par_1_168' title="bbox 2850 3603 3532 3668">
     <span class='ocr_line' id='line_1_176' title="bbox 2850 3603 3532 3668; baseline 0.015 -9"><span class='ocrx_word' id='word_1_918' title='bbox 2850 3605 2946 3660; x_wconf 90' lang='lat' dir='ltr'><strong><em>Iid.</em></strong></span> <span class='ocrx_word' id='word_1_919' title='bbox 2979 3603 3174 3664; x_wconf 73' lang='lat' dir='ltr'><strong><em>Missus</em></strong></span> <span class='ocrx_word' id='word_1_920' title='bbox 3199 3622 3271 3664; x_wconf 88' lang='lat' dir='ltr'><strong><em>est</em></strong></span> <span class='ocrx_word' id='word_1_921' title='bbox 3295 3614 3432 3667; x_wconf 90' lang='lat' dir='ltr'><strong><em>enim</em></strong></span> <span class='ocrx_word' id='word_1_922' title='bbox 3458 3615 3532 3668; x_wconf 83' lang='lat' dir='ltr'><strong><em>ad</em></strong></span> 
     </span>
    </p>
   </div>
   <div class='ocr_carea' id='block_1_169' title="bbox 2777 3676 3532 3752">
    <p class='ocr_par' dir='ltr' id='par_1_169' title="bbox 2777 3676 3532 3752">
     <span class='ocr_line' id='line_1_177' title="bbox 2777 3676 3532 3752; baseline 0.009 -20"><span class='ocrx_word' id='word_1_923' title='bbox 2777 3676 2946 3752; x_wconf 84' lang='lat' dir='ltr'><strong><em>David</em></strong></span> <span class='ocrx_word' id='word_1_924' title='bbox 2975 3693 3146 3752; x_wconf 73' lang='lat' dir='ltr'><strong><em>regem</em></strong></span> <span class='ocrx_word' id='word_1_925' title='bbox 3169 3681 3379 3738; x_wconf 87' lang='lat' dir='ltr'><strong><em>Nathan</em></strong></span> <span class='ocrx_word' id='word_1_926' title='bbox 3411 3702 3532 3752; x_wconf 90' lang='lat' dir='ltr'><strong><em>pro-</em></strong></span> 
     </span>
    </p>
   </div>
   <div class='ocr_carea' id='block_1_170' title="bbox 2779 3749 3533 3818">
    <p class='ocr_par' dir='ltr' id='par_1_170' title="bbox 2779 3749 3533 3818">
     <span class='ocr_line' id='line_1_178' title="bbox 2779 3749 3533 3818; baseline 0.017 -19"><span class='ocrx_word' id='word_1_927' title='bbox 2779 3749 2953 3818; x_wconf 83' lang='lat' dir='ltr'><strong><em>pheta.</em></strong></span> <span class='ocrx_word' id='word_1_928' title='bbox 2973 3749 2998 3803; x_wconf 91' lang='grc' dir='ltr'><strong><em>Ι</em></strong></span> <span class='ocrx_word' id='word_1_929' title='bbox 3007 3749 3075 3804; x_wconf 91' lang='lat' dir='ltr'><strong><em>lle</em></strong></span> <span class='ocrx_word' id='word_1_930' title='bbox 3093 3762 3262 3806; x_wconf 89' lang='lat' dir='ltr'><strong><em>autem</em></strong></span> <span class='ocrx_word' id='word_1_931' title='bbox 3288 3771 3389 3810; x_wconf 87' lang='lat' dir='ltr'><strong><em>non</em></strong></span> <span class='ocrx_word' id='word_1_932' title='bbox 3409 3749 3533 3811; x_wconf 77' lang='lat' dir='ltr'><strong><em>con-</em></strong></span> 
     </span>
    </p>
   </div>
   <div class='ocr_carea' id='block_1_171' title="bbox 2777 3821 3531 3882">
    <p class='ocr_par' dir='ltr' id='par_1_171' title="bbox 2777 3821 3531 3882">
     <span class='ocr_line' id='line_1_179' title="bbox 2777 3821 3531 3882; baseline 0.012 -9"><span class='ocrx_word' id='word_1_933' title='bbox 2777 3821 3018 3874; x_wconf 82' lang='lat' dir='ltr'><strong><em>sideravit</em></strong></span> <span class='ocrx_word' id='word_1_934' title='bbox 3038 3823 3184 3882; x_wconf 74' lang='lat' dir='ltr'><strong><em>regni</em></strong></span> <span class='ocrx_word' id='word_1_935' title='bbox 3201 3826 3282 3877; x_wconf 91' lang='lat' dir='ltr'><strong><em>sui</em></strong></span> <span class='ocrx_word' id='word_1_936' title='bbox 3301 3827 3531 3882; x_wconf 83' lang='lat' dir='ltr'><strong><em>sublimi-</em></strong></span> 
     </span>
    </p>
   </div>
   <div class='ocr_carea' id='block_1_172' title="bbox 2780 3895 3532 3957">
    <p class='ocr_par' dir='ltr' id='par_1_172' title="bbox 2780 3895 3532 3957">
     <span class='ocr_line' id='line_1_180' title="bbox 2780 3895 3532 3957; baseline 0.011 -12"><span class='ocrx_word' id='word_1_937' title='bbox 2780 3900 2956 3957; x_wconf 86' lang='lat' dir='ltr'><strong><em>tatem,</em></strong></span> <span class='ocrx_word' id='word_1_938' title='bbox 2985 3898 3072 3950; x_wconf 81' lang='lat' dir='ltr'><strong><em>se-t</em></strong></span> <span class='ocrx_word' id='word_1_939' title='bbox 3093 3895 3306 3950; x_wconf 88' lang='lat' dir='ltr'><strong><em>humilis</em></strong></span> <span class='ocrx_word' id='word_1_940' title='bbox 3326 3905 3372 3950; x_wconf 92' lang='lat' dir='ltr'><strong><em>et</em></strong></span> <span class='ocrx_word' id='word_1_941' title='bbox 3396 3899 3532 3953; x_wconf 88' lang='lat' dir='ltr'><strong><em>mitis</em></strong></span> 
     </span>
    </p>
   </div>
   <div class='ocr_carea' id='block_1_173' title="bbox 2777 3965 3531 4040">
    <p class='ocr_par' dir='ltr' id='par_1_173' title="bbox 2777 3965 3531 4040">
     <span class='ocr_line' id='line_1_181' title="bbox 2777 3965 3531 4040; baseline 0.007 -23"><span class='ocrx_word' id='word_1_942' title='bbox 2777 3979 2877 4040; x_wconf 84' lang='lat' dir='ltr'><strong><em>non</em></strong></span> <span class='ocrx_word' id='word_1_943' title='bbox 2892 4006 2903 4019; x_wconf 96' lang='lat'><strong><em>.</em></strong></span> <span class='ocrx_word' id='word_1_944' title='bbox 2927 3966 3116 4040; x_wconf 73' lang='lat' dir='ltr'><strong><em>respuit</em></strong></span> <span class='ocrx_word' id='word_1_945' title='bbox 3159 3965 3308 4040; x_wconf 75' lang='lat' dir='ltr'><strong><em>verba</em></strong></span> <span class='ocrx_word' id='word_1_946' title='bbox 3351 3971 3531 4039; x_wconf 63' lang='lat' dir='ltr'><strong><em>prosci-</em></strong></span> 
     </span>
    </p>
   </div>
   <div class='ocr_carea' id='block_1_174' title="bbox 2779 4033 3532 4110">
    <p class='ocr_par' dir='ltr' id='par_1_174' title="bbox 2779 4033 3532 4110">
     <span class='ocr_line' id='line_1_182' title="bbox 2779 4033 3532 4110; baseline 0.008 -22"><span class='ocrx_word' id='word_1_947' title='bbox 2779 4036 2984 4110; x_wconf 80' lang='lat' dir='ltr'><strong><em>pientis.</em></strong></span> <span class='ocrx_word' id='word_1_948' title='bbox 3007 4033 3134 4110; x_wconf 72' lang='lat' dir='ltr'><strong><em>&#39;N_on</em></strong></span> <span class='ocrx_word' id='word_1_949' title='bbox 3161 4037 3287 4089; x_wconf 84' lang='lat' dir='ltr'><strong><em>dixit</em></strong></span> <span class='ocrx_word' id='word_1_950' title='bbox 3316 4033 3384 4093; x_wconf 78' lang='lat' dir='ltr'><strong><em>ad</em></strong></span> <span class='ocrx_word' id='word_1_951' title='bbox 3413 4047 3532 4110; x_wconf 79' lang='lat' dir='ltr'><strong><em>pro-</em></strong></span> 
     </span>
    </p>
   </div>
   <div class='ocr_carea' id='block_1_175' title="bbox 2778 4099 3626 4180">
    <p class='ocr_par' dir='ltr' id='par_1_175' title="bbox 2778 4099 3626 4180">
     <span class='ocr_line' id='line_1_183' title="bbox 2778 4099 3626 4180; baseline 0.011 -23"><span class='ocrx_word' id='word_1_952' title='bbox 2778 4099 3270 4180; x_wconf 61' lang='lat' dir='ltr'><strong><em>pltetomgTucum</em></strong></span> <span class='ocrx_word' id='word_1_953' title='bbox 3309 4110 3377 4164; x_wconf 90' lang='lat' dir='ltr'><strong><em>sis</em></strong></span> <span class='ocrx_word' id='word_1_954' title='bbox 3406 4099 3531 4180; x_wconf 79' lang='lat' dir='ltr'><strong><em>pau-</em></strong></span> <span class='ocrx_word' id='word_1_955' title='bbox 3621 4153 3626 4158; x_wconf 73' lang='lat'><strong><em>.</em></strong></span> 
     </span>
    </p>
   </div>
   <div class='ocr_carea' id='block_1_176' title="bbox 2779 4175 3532 4252">
    <p class='ocr_par' dir='ltr' id='par_1_176' title="bbox 2779 4175 3532 4252">
     <span class='ocr_line' id='line_1_184' title="bbox 2779 4175 3532 4252; baseline 0.005 -21"><span class='ocrx_word' id='word_1_956' title='bbox 2779 4191 2870 4245; x_wconf 89' lang='lat' dir='ltr'><strong><em>per</em></strong></span> <span class='ocrx_word' id='word_1_957' title='bbox 2927 4175 3227 4252; x_wconf 85' lang='lat' dir='ltr'><strong><em>ethumilis,</em></strong></span> <span class='ocrx_word' id='word_1_958' title='bbox 3273 4175 3532 4252; x_wconf 83' lang='lat' dir='ltr'><strong><em>quomoda</em></strong></span> 
     </span>
    </p>
   </div>
   <div class='ocr_carea' id='block_1_177' title="bbox 2777 4250 3532 4322">
    <p class='ocr_par' dir='ltr' id='par_1_177' title="bbox 2777 4250 3532 4322">
     <span class='ocr_line' id='line_1_185' title="bbox 2777 4250 3532 4322; baseline 0.005 -21"><span class='ocrx_word' id='word_1_959' title='bbox 2777 4264 2943 4322; x_wconf 6' lang='lat' dir='ltr'><strong><em>ausus,</em></strong></span> <span class='ocrx_word' id='word_1_960' title='bbox 2973 4264 3024 4302; x_wconf 90' lang='lat' dir='ltr'><strong><em>es</em></strong></span> <span class='ocrx_word' id='word_1_961' title='bbox 3063 4250 3200 4322; x_wconf 86' lang='lat' dir='ltr'><strong><em>loqui</em></strong></span> <span class='ocrx_word' id='word_1_962' title='bbox 3233 4250 3358 4304; x_wconf 87' lang='lat' dir='ltr'><strong><em>mihi</em></strong></span> <span class='ocrx_word' id='word_1_963' title='bbox 3388 4253 3532 4322; x_wconf 81' lang='lat' dir='ltr'><strong><em>regi?</em></strong></span> 
     </span>
    </p>
   </div>
   <div class='ocr_carea' id='block_1_178' title="bbox 1955 4318 3533 4390">
    <p class='ocr_par' dir='ltr' id='par_1_178' title="bbox 1955 4318 3533 4390">
     <span class='ocr_line' id='line_1_186' title="bbox 1955 4318 3533 4390; baseline 0.003 -16"><span class='ocrx_word' id='word_1_964' title='bbox 1955 4319 2067 4375; x_wconf 85' lang='lat' dir='ltr'><strong><em>Rex</em></strong></span> <span class='ocrx_word' id='word_1_965' title='bbox 2128 4320 2360 4376; x_wconf 89' lang='lat' dir='ltr'><strong><em>sublimis</em></strong></span> <span class='ocrx_word' id='word_1_966' title='bbox 2415 4318 2716 4390; x_wconf 84' lang='lat' dir='ltr'><strong><em>prophetam</em></strong></span> <span class='ocrx_word' id='word_1_967' title='bbox 2771 4320 3000 4385; x_wconf 86' lang='lat' dir='ltr'><strong><em>audivit;</em></strong></span> <span class='ocrx_word' id='word_1_968' title='bbox 3053 4320 3278 4390; x_wconf 84' lang='lat' dir='ltr'><strong><em>plebeius</em></strong></span> <span class='ocrx_word' id='word_1_969' title='bbox 3326 4318 3533 4378; x_wconf 80' lang='lat' dir='ltr'><strong><em>humilis</em></strong></span> 
     </span>
    </p>
   </div>
   <div class='ocr_carea' id='block_1_179' title="bbox 1952 4391 2434 4447">
    <p class='ocr_par' dir='ltr' id='par_1_179' title="bbox 1952 4391 2434 4447">
     <span class='ocr_line' id='line_1_187' title="bbox 1952 4391 2434 4447; baseline -0.004 -1"><span class='ocrx_word' id='word_1_970' title='bbox 1952 4391 2208 4447; x_wconf 85' lang='lat' dir='ltr'><strong><em>Christum</em></strong></span> <span class='ocrx_word' id='word_1_971' title='bbox 2237 4392 2434 4446; x_wconf 89' lang='lat' dir='ltr'><strong><em>audiat.</em></strong></span> 
     </span>
    </p>
   </div>
   <div class='ocr_carea' id='block_1_180' title="bbox 2024 4460 2707 4533">
    <p class='ocr_par' dir='ltr' id='par_1_180' title="bbox 2024 4460 2707 4533">
     <span class='ocr_line' id='line_1_188' title="bbox 2024 4460 2707 4533; baseline -0.006 -16"><span class='ocrx_word' id='word_1_972' title='bbox 2024 4462 2084 4517; x_wconf 91' lang='lat' dir='ltr'><strong><em>N.</em></strong></span> <span class='ocrx_word' id='word_1_973' title='bbox 2120 4460 2175 4517; x_wconf 89' lang='lat'><strong><em>6.</em></strong></span> <span class='ocrx_word' id='word_1_974' title='bbox 2204 4462 2338 4515; x_wconf 81' lang='lat' dir='ltr'><strong><em>Audi</em></strong></span> <span class='ocrx_word' id='word_1_975' title='bbox 2359 4477 2477 4533; x_wconf 88' lang='lat' dir='ltr'><strong><em>ergo</em></strong></span> <span class='ocrx_word' id='word_1_976' title='bbox 2509 4461 2637 4530; x_wconf 66' lang='lat' dir='ltr'><strong><em>hac,</em></strong></span> <span class='ocrx_word' id='word_1_977' title='bbox 2660 4469 2707 4515; x_wconf 91' lang='lat' dir='ltr'><strong><em>et</em></strong></span> 
     </span>
    </p>
   </div>
   <div class='ocr_carea' id='block_1_181' title="bbox 1953 4533 2308 4590">
    <p class='ocr_par' dir='ltr' id='par_1_181' title="bbox 1953 4533 2308 4590">
     <span class='ocr_line' id='line_1_189' title="bbox 1953 4533 2308 4590; baseline 0 0"><span class='ocrx_word' id='word_1_978' title='bbox 1953 4537 2034 4590; x_wconf 92' lang='lat' dir='ltr'><strong><em>dic</em></strong></span> <span class='ocrx_word' id='word_1_979' title='bbox 2059 4551 2173 4589; x_wconf 91' lang='lat' dir='ltr'><strong><em>eum</em></strong></span> <span class='ocrx_word' id='word_1_980' title='bbox 2197 4533 2308 4590; x_wconf 89' lang='lat' dir='ltr'><strong><em>illo.</em></strong></span> 
     </span>
    </p>
   </div>
   <div class='ocr_carea' id='block_1_182' title="bbox 1085 4715 2710 4816">
    <p class='ocr_par' dir='ltr' id='par_1_182' title="bbox 1085 4715 2710 4816">
     <span class='ocr_line' id='line_1_190' title="bbox 1085 4715 2710 4816; baseline -0.001 -16"><span class='ocrx_word' id='word_1_981' title='bbox 1085 4715 1848 4814; x_wconf 48' lang='lat' dir='ltr'><strong><em>EZquE&#39;iIiiiriiiiLte};</em></strong></span> <span class='ocrx_word' id='word_1_982' title='bbox 1876 4717 1934 4780; x_wconf 76' lang='grc' dir='ltr'><strong><em>Ῑ)</em></strong></span> <span class='ocrx_word' id='word_1_983' title='bbox 2033 4747 2166 4803; x_wconf 88' lang='lat' dir='ltr'><strong><em>Ibid.</em></strong></span> <span class='ocrx_word' id='word_1_984' title='bbox 2195 4746 2419 4803; x_wconf 86' lang='lat' dir='ltr'><strong><em>Subveni</em></strong></span> <span class='ocrx_word' id='word_1_985' title='bbox 2438 4745 2579 4816; x_wconf 88' lang='lat' dir='ltr'><strong><em>gravi</em></strong></span> <span class='ocrx_word' id='word_1_986' title='bbox 2601 4745 2710 4798; x_wconf 90' lang='lat' dir='ltr'><strong><em>vul-</em></strong></span> 
     </span>
    </p>
   </div>
   <div class='ocr_carea' id='block_1_183' title="bbox 1961 4818 2709 4888">
    <p class='ocr_par' dir='ltr' id='par_1_183' title="bbox 1961 4818 2709 4888">
     <span class='ocr_line' id='line_1_191' title="bbox 1961 4818 2709 4888; baseline -0.011 -14"><span class='ocrx_word' id='word_1_987' title='bbox 1961 4820 2073 4874; x_wconf 88' lang='lat' dir='ltr'><strong><em>neri</em></strong></span> <span class='ocrx_word' id='word_1_988' title='bbox 2145 4818 2428 4872; x_wconf 82' lang='lat' dir='ltr'><strong><em>secnndum</em></strong></span> <span class='ocrx_word' id='word_1_989' title='bbox 2472 4830 2709 4888; x_wconf 88' lang='lat' dir='ltr'><strong><em>magnam</em></strong></span> 
     </span>
    </p>
   </div>
   <div class='ocr_carea' id='block_1_184' title="bbox 1959 4891 2452 4945">
    <p class='ocr_par' dir='ltr' id='par_1_184' title="bbox 1959 4891 2452 4945">
     <span class='ocr_line' id='line_1_192' title="bbox 1959 4891 2452 4945; baseline -0.012 0"><span class='ocrx_word' id='word_1_990' title='bbox 1959 4891 2263 4945; x_wconf 87' lang='lat' dir='ltr'><strong><em>medicinam</em></strong></span> <span class='ocrx_word' id='word_1_991' title='bbox 2289 4900 2452 4941; x_wconf 90' lang='lat' dir='ltr'><strong><em>tuam.</em></strong></span> 
     </span>
    </p>
   </div>
   <div class='ocr_carea' id='block_1_185' title="bbox 2029 4955 2709 5016">
    <p class='ocr_par' dir='ltr' id='par_1_185' title="bbox 2029 4955 2709 5016">
     <span class='ocr_line' id='line_1_193' title="bbox 2029 4955 2709 5016; baseline -0.01 0"><span class='ocrx_word' id='word_1_992' title='bbox 2029 4959 2163 5016; x_wconf 90' lang='lat' dir='ltr'><strong><em>Ibid.</em></strong></span> <span class='ocrx_word' id='word_1_993' title='bbox 2223 4957 2330 5012; x_wconf 86' lang='lat' dir='ltr'><strong><em>Iste</em></strong></span> <span class='ocrx_word' id='word_1_994' title='bbox 2386 4955 2554 5010; x_wconf 88' lang='lat' dir='ltr'><strong><em>David</em></strong></span> <span class='ocrx_word' id='word_1_995' title='bbox 2606 4971 2709 5010; x_wconf 88' lang='lat' dir='ltr'><strong><em>non</em></strong></span> 
     </span>
    </p>
   </div>
   <div class='ocr_carea' id='block_1_186' title="bbox 1956 5029 2348 5103">
    <p class='ocr_par' dir='ltr' id='par_1_186' title="bbox 1956 5029 2348 5103">
     <span class='ocr_line' id='line_1_194' title="bbox 1956 5029 2348 5103; baseline -0.013 -16"><span class='ocrx_word' id='word_1_996' title='bbox 1956 5039 2136 5103; x_wconf 72' lang='lat' dir='ltr'><strong><em>posset</em></strong></span> <span class='ocrx_word' id='word_1_997' title='bbox 2161 5029 2348 5103; x_wconf 73' lang='lat' dir='ltr'><strong><em>dicere.</em></strong></span> 
     </span>
    </p>
   </div>
   <div class='ocr_carea' id='block_1_187' title="bbox 2029 5098 2706 5157">
    <p class='ocr_par' dir='ltr' id='par_1_187' title="bbox 2029 5098 2706 5157">
     <span class='ocr_line' id='line_1_195' title="bbox 2029 5098 2706 5157; baseline -0.007 0"><span class='ocrx_word' id='word_1_998' title='bbox 2029 5101 2162 5157; x_wconf 88' lang='lat' dir='ltr'><strong><em>Ibid.</em></strong></span> <span class='ocrx_word' id='word_1_999' title='bbox 2207 5109 2261 5156; x_wconf 87' lang='lat' dir='ltr'><strong><em>et</em></strong></span> <span class='ocrx_word' id='word_1_1000' title='bbox 2305 5101 2358 5154; x_wconf 84' lang='lat'><strong><em>7.</em></strong></span> <span class='ocrx_word' id='word_1_1001' title='bbox 2417 5098 2524 5155; x_wconf 86' lang='lat' dir='ltr'><strong><em>Sed</em></strong></span> <span class='ocrx_word' id='word_1_1002' title='bbox 2593 5116 2706 5152; x_wconf 87' lang='lat' dir='ltr'><strong><em>ntu-</em></strong></span> 
     </span>
    </p>
   </div>
   <div class='ocr_carea' id='block_1_188' title="bbox 1955 5168 2706 5248">
    <p class='ocr_par' dir='ltr' id='par_1_188' title="bbox 1955 5168 2706 5248">
     <span class='ocr_line' id='line_1_196' title="bbox 1955 5168 2706 5248; baseline -0.008 -20"><span class='ocrx_word' id='word_1_1003' title='bbox 1955 5187 2108 5248; x_wconf 89' lang='lat' dir='ltr'><strong><em>gnam</em></strong></span> <span class='ocrx_word' id='word_1_1004' title='bbox 2139 5171 2560 5248; x_wconf 81' lang='lat' dir='ltr'><strong><em>misericordiam.</em></strong></span> <span class='ocrx_word' id='word_1_1005' title='bbox 2586 5168 2706 5223; x_wconf 79' lang='lat' dir='ltr'><strong><em>Ma-</em></strong></span> 
     </span>
    </p>
   </div>
   <div class='ocr_carea' id='block_1_189' title="bbox 1953 5245 2708 5318">
    <p class='ocr_par' dir='ltr' id='par_1_189' title="bbox 1953 5245 2708 5318">
     <span class='ocr_line' id='line_1_197' title="bbox 1953 5245 2708 5318; baseline 0 0"><span class='ocrx_word' id='word_1_1006' title='bbox 1953 5245 2055 5318; x_wconf 53' lang='lat' dir='ltr'><strong><em>tii!</em></strong></span> <span class='ocrx_word' id='word_1_1007' title='bbox 2075 5245 2360 5318; x_wconf 65' lang='grc' dir='ltr'><strong><em>πιαθίεηιξεν</em></strong></span> <span class='ocrx_word' id='word_1_1008' title='bbox 2401 5250 2507 5318; x_wconf 66' lang='lat'><strong><em>939:</em></strong></span> <span class='ocrx_word' id='word_1_1009' title='bbox 2538 5255 2708 5318; x_wconf 58' lang='lat' dir='ltr'><strong>usque</strong></span> 
     </span>
    </p>
   </div>
   <div class='ocr_carea' id='block_1_190' title="bbox 1954 5311 2709 5371">
    <p class='ocr_par' dir='ltr' id='par_1_190' title="bbox 1954 5311 2709 5371">
     <span class='ocr_line' id='line_1_198' title="bbox 1954 5311 2709 5371; baseline -0.003 -3"><span class='ocrx_word' id='word_1_1010' title='bbox 1954 5311 2019 5370; x_wconf 64' lang='lat' dir='ltr'><strong><em>id</em></strong></span> <span class='ocrx_word' id='word_1_1011' title='bbox 2049 5311 2353 5371; x_wconf 56' lang='lat' dir='ltr'><strong><em>hmc&#39;verba</em></strong></span> <span class='ocrx_word' id='word_1_1012' title='bbox 2404 5311 2535 5368; x_wconf 83' lang='lat' dir='ltr'><strong><em>Vide</em></strong></span> <span class='ocrx_word' id='word_1_1013' title='bbox 2573 5313 2709 5368; x_wconf 87' lang='lat' dir='ltr'><strong><em>enim</em></strong></span> 
     </span>
    </p>
   </div>
   <div class='ocr_carea' id='block_1_191' title="bbox 1950 5387 2350 5458">
    <p class='ocr_par' dir='ltr' id='par_1_191' title="bbox 1950 5387 2350 5458">
     <span class='ocr_line' id='line_1_199' title="bbox 1950 5387 2350 5458; baseline -0.01 -15"><span class='ocrx_word' id='word_1_1014' title='bbox 1950 5402 2098 5458; x_wconf 88' lang='lat' dir='ltr'><strong><em>quem</em></strong></span> <span class='ocrx_word' id='word_1_1015' title='bbox 2133 5387 2350 5441; x_wconf 87' lang='lat' dir='ltr'><strong><em>invoces.</em></strong></span> 
     </span>
    </p>
   </div>
   <div class='ocr_carea' id='block_1_192' title="bbox 2025 5595 2703 5668">
    <p class='ocr_par' dir='ltr' id='par_1_192' title="bbox 2025 5595 2703 5668">
     <span class='ocr_line' id='line_1_200' title="bbox 2025 5595 2703 5668; baseline -0.009 -11"><span class='ocrx_word' id='word_1_1016' title='bbox 2025 5598 2163 5657; x_wconf 89' lang='lat' dir='ltr'><strong><em>Ibid.</em></strong></span> <span class='ocrx_word' id='word_1_1017' title='bbox 2205 5598 2548 5668; x_wconf 82' lang='lat' dir='ltr'><strong><em>Responderit</em></strong></span> <span class='ocrx_word' id='word_1_1018' title='bbox 2594 5595 2703 5651; x_wconf 81' lang='lat' dir='ltr'><strong><em>Da-</em></strong></span> 
     </span>
    </p>
   </div>
   <div class='ocr_carea' id='block_1_193' title="bbox 1949 5669 2702 5740">
    <p class='ocr_par' dir='ltr' id='par_1_193' title="bbox 1949 5669 2702 5740">
     <span class='ocr_line' id='line_1_201' title="bbox 1949 5669 2702 5740; baseline -0.005 -13"><span class='ocrx_word' id='word_1_1019' title='bbox 1949 5672 2034 5728; x_wconf 86' lang='lat' dir='ltr'><strong><em>vid</em></strong></span> <span class='ocrx_word' id='word_1_1020' title='bbox 2062 5713 2074 5736; x_wconf 92' lang='lat'><strong><em>,</em></strong></span> <span class='ocrx_word' id='word_1_1021' title='bbox 2125 5670 2482 5739; x_wconf 87' lang='lat' dir='ltr'><strong><em>responderint</em></strong></span> <span class='ocrx_word' id='word_1_1022' title='bbox 2525 5669 2702 5740; x_wconf 74' lang='lat' dir='ltr'><strong><em>lapsi,</em></strong></span> 
     </span>
    </p>
   </div>
   <div class='ocr_carea' id='block_1_194' title="bbox 1948 5738 2702 5813">
    <p class='ocr_par' dir='ltr' id='par_1_194' title="bbox 1948 5738 2702 5813">
     <span class='ocr_line' id='line_1_202' title="bbox 1948 5738 2702 5813; baseline -0.005 -15"><span class='ocrx_word' id='word_1_1023' title='bbox 1948 5738 2307 5813; x_wconf 85' lang='lat' dir='ltr'><strong><em>responderint</em></strong></span> <span class='ocrx_word' id='word_1_1024' title='bbox 2352 5756 2468 5794; x_wconf 88' lang='lat' dir='ltr'><strong><em>cum</em></strong></span> <span class='ocrx_word' id='word_1_1025' title='bbox 2511 5738 2702 5805; x_wconf 80' lang='lat' dir='ltr'><strong><em>David,</em></strong></span> 
     </span>
    </p>
   </div>
   <div class='ocr_carea' id='block_1_195' title="bbox 1950 5813 2706 5870">
    <p class='ocr_par' dir='ltr' id='par_1_195' title="bbox 1950 5813 2706 5870">
     <span class='ocr_line' id='line_1_203' title="bbox 1950 5813 2706 5870; baseline -0.005 -2"><span class='ocrx_word' id='word_1_1026' title='bbox 1950 5825 2006 5868; x_wconf 83' lang='lat' dir='ltr'><strong><em>ut</em></strong></span> <span class='ocrx_word' id='word_1_1027' title='bbox 2046 5813 2452 5870; x_wconf 87' lang='lat' dir='ltr'><strong><em>misericordiam</em></strong></span> <span class='ocrx_word' id='word_1_1028' title='bbox 2475 5827 2706 5867; x_wconf 86' lang='lat' dir='ltr'><strong><em>merean-</em></strong></span> 
     </span>
    </p>
   </div>
   <div class='ocr_carea' id='block_1_196' title="bbox 1953 5894 2057 5943">
    <p class='ocr_par' dir='ltr' id='par_1_196' title="bbox 1953 5894 2057 5943">
     <span class='ocr_line' id='line_1_204' title="bbox 1953 5894 2057 5943; baseline 0.029 -3"><span class='ocrx_word' id='word_1_1029' title='bbox 1953 5894 2057 5943; x_wconf 90' lang='lat' dir='ltr'><strong><em>tur.</em></strong></span> 
     </span>
    </p>
   </div>
   <div class='ocr_carea' id='block_1_197' title="bbox 2857 4459 3534 4536">
    <p class='ocr_par' dir='ltr' id='par_1_197' title="bbox 2857 4459 3534 4536">
     <span class='ocr_line' id='line_1_205' title="bbox 2857 4459 3534 4536; baseline 0.01 -22"><span class='ocrx_word' id='word_1_1030' title='bbox 2857 4459 2950 4516; x_wconf 89' lang='lat' dir='ltr'><strong><em>Iid.</em></strong></span> <span class='ocrx_word' id='word_1_1031' title='bbox 2977 4461 3110 4515; x_wconf 84' lang='lat' dir='ltr'><strong><em>Audi</em></strong></span> <span class='ocrx_word' id='word_1_1032' title='bbox 3130 4462 3408 4536; x_wconf 70' lang='lat' dir='ltr'><strong><em>ergolttec,</em></strong></span> <span class='ocrx_word' id='word_1_1033' title='bbox 3432 4465 3534 4536; x_wconf 86' lang='lat' dir='ltr'><strong><em>qui-</em></strong></span> 
     </span>
    </p>
   </div>
   <div class='ocr_carea' id='block_1_198' title="bbox 2782 4531 3536 4604">
    <p class='ocr_par' dir='ltr' id='par_1_198' title="bbox 2782 4531 3536 4604">
     <span class='ocr_line' id='line_1_206' title="bbox 2782 4531 3536 4604; baseline 0.007 -18"><span class='ocrx_word' id='word_1_1034' title='bbox 2782 4547 2996 4603; x_wconf 86' lang='lat' dir='ltr'><strong><em>cumque</em></strong></span> <span class='ocrx_word' id='word_1_1035' title='bbox 3067 4531 3280 4604; x_wconf 79' lang='lat' dir='ltr'><strong><em>aliquod</em></strong></span> <span class='ocrx_word' id='word_1_1036' title='bbox 3344 4531 3536 4592; x_wconf 82' lang='lat' dir='ltr'><strong><em>crimen</em></strong></span> 
     </span>
    </p>
   </div>
   <div class='ocr_carea' id='block_1_199' title="bbox 2780 4605 3536 4728">
    <p class='ocr_par' dir='ltr' id='par_1_199' title="bbox 2780 4605 3536 4728">
     <span class='ocr_line' id='line_1_207' title="bbox 2780 4605 3536 4728; baseline 0.004 -70"><span class='ocrx_word' id='word_1_1037' title='bbox 2780 4605 2999 4728; x_wconf 59' lang='lat' dir='ltr'><strong><em>c‘qpitale</em></strong></span> <span class='ocrx_word' id='word_1_1038' title='bbox 3027 4605 3213 4674; x_wconf 85' lang='lat' dir='ltr'><strong><em>fecisti,</em></strong></span> <span class='ocrx_word' id='word_1_1039' title='bbox 3237 4616 3287 4659; x_wconf 91' lang='lat' dir='ltr'><strong><em>et</em></strong></span> <span class='ocrx_word' id='word_1_1040' title='bbox 3312 4606 3394 4660; x_wconf 90' lang='lat' dir='ltr'><strong><em>dic</em></strong></span> <span class='ocrx_word' id='word_1_1041' title='bbox 3413 4623 3536 4661; x_wconf 86' lang='lat' dir='ltr'><strong><em>cum</em></strong></span> 
     </span>
     <span class='ocr_line' id='line_1_208' title="bbox 2780 4691 2888 4728; baseline 0.019 -2"><span class='ocrx_word' id='word_1_1042' title='bbox 2780 4691 2796 4726; x_wconf 84' lang='lat' dir='ltr'><strong><em>i</em></strong></span> <span class='ocrx_word' id='word_1_1043' title='bbox 2841 4691 2888 4728; x_wconf 90' lang='grc' dir='ltr'><strong><em>ο.</em></strong></span> 
     </span>
    </p>
   </div>
   <div class='ocr_carea' id='block_1_200' title="bbox 2778 4691 2888 4728">
    <p class='ocr_par' dir='ltr' id='par_1_200' title="bbox 2778 4691 2888 4728">
     <span class='ocr_line' id='line_1_209' title="bbox 2778 4691 2888 4728; baseline 0.018 -2"><span class='ocrx_word' id='word_1_1044' title='bbox 2778 4691 2888 4728; x_wconf 71' lang='grc' dir='ltr'><strong><em>νιιο.</em></strong></span> 
     </span>
    </p>
   </div>
   <div class='ocr_carea' id='block_1_201' title="bbox 2855 4741 3534 4816">
    <p class='ocr_par' dir='ltr' id='par_1_201' title="bbox 2855 4741 3534 4816">
     <span class='ocr_line' id='line_1_210' title="bbox 2855 4741 3534 4816; baseline 0.009 -20"><span class='ocrx_word' id='word_1_1045' title='bbox 2855 4743 2950 4816; x_wconf 80' lang='lat' dir='ltr'><strong><em>Iid.</em></strong></span> <span class='ocrx_word' id='word_1_1046' title='bbox 2985 4741 3204 4816; x_wconf 81' lang='lat' dir='ltr'><strong><em>Subveni</em></strong></span> <span class='ocrx_word' id='word_1_1047' title='bbox 3233 4748 3377 4816; x_wconf 82' lang='lat' dir='ltr'><strong><em>gravi</em></strong></span> <span class='ocrx_word' id='word_1_1048' title='bbox 3417 4751 3534 4802; x_wconf 85' lang='lat' dir='ltr'><strong><em>vul-</em></strong></span> 
     </span>
    </p>
   </div>
   <div class='ocr_carea' id='block_1_202' title="bbox 2781 4813 3535 4889">
    <p class='ocr_par' dir='ltr' id='par_1_202' title="bbox 2781 4813 3535 4889">
     <span class='ocr_line' id='line_1_211' title="bbox 2781 4813 3535 4889; baseline 0.011 -22"><span class='ocrx_word' id='word_1_1049' title='bbox 2781 4814 2888 4889; x_wconf 76' lang='lat' dir='ltr'><strong><em>neri</em></strong></span> <span class='ocrx_word' id='word_1_1050' title='bbox 2939 4813 3251 4889; x_wconf 59' lang='lat' dir='ltr'><strong><em>secundum&#39;</em></strong></span> <span class='ocrx_word' id='word_1_1051' title='bbox 3290 4832 3535 4889; x_wconf 88' lang='lat' dir='ltr'><strong><em>magnant</em></strong></span> 
     </span>
    </p>
   </div>
   <div class='ocr_carea' id='block_1_203' title="bbox 2781 4884 3367 4942">
    <p class='ocr_par' dir='ltr' id='par_1_203' title="bbox 2781 4884 3367 4942">
     <span class='ocr_line' id='line_1_212' title="bbox 2781 4884 3367 4942; baseline 0.007 -4"><span class='ocrx_word' id='word_1_1052' title='bbox 2781 4884 3177 4940; x_wconf 88' lang='lat' dir='ltr'><strong><em>misericordiam</em></strong></span> <span class='ocrx_word' id='word_1_1053' title='bbox 3208 4896 3367 4942; x_wconf 90' lang='lat' dir='ltr'><strong><em>tuam.</em></strong></span> 
     </span>
    </p>
   </div>
   <div class='ocr_carea' id='block_1_204' title="bbox 2852 4953 3536 5032">
    <p class='ocr_par' dir='ltr' id='par_1_204' title="bbox 2852 4953 3536 5032">
     <span class='ocr_line' id='line_1_213' title="bbox 2852 4953 3536 5032; baseline 0.012 -22"><span class='ocrx_word' id='word_1_1054' title='bbox 2852 4955 2946 5032; x_wconf 77' lang='lat' dir='ltr'><strong><em>Iid.</em></strong></span> <span class='ocrx_word' id='word_1_1055' title='bbox 2975 4953 3090 5010; x_wconf 85' lang='lat' dir='ltr'><strong><em>Hoc</em></strong></span> <span class='ocrx_word' id='word_1_1056' title='bbox 3106 4954 3274 5012; x_wconf 80' lang='lat' dir='ltr'><strong><em>David</em></strong></span> <span class='ocrx_word' id='word_1_1057' title='bbox 3293 4973 3396 5015; x_wconf 84' lang='lat' dir='ltr'><strong><em>non</em></strong></span> <span class='ocrx_word' id='word_1_1058' title='bbox 3413 4977 3536 5032; x_wconf 86' lang='lat' dir='ltr'><strong><em>pos-</em></strong></span> 
     </span>
    </p>
   </div>
   <div class='ocr_carea' id='block_1_205' title="bbox 2779 5027 3062 5082">
    <p class='ocr_par' dir='ltr' id='par_1_205' title="bbox 2779 5027 3062 5082">
     <span class='ocr_line' id='line_1_214' title="bbox 2779 5027 3062 5082; baseline 0.007 -1"><span class='ocrx_word' id='word_1_1059' title='bbox 2779 5037 2853 5082; x_wconf 91' lang='lat' dir='ltr'><strong><em>set</em></strong></span> <span class='ocrx_word' id='word_1_1060' title='bbox 2883 5027 3062 5082; x_wconf 79' lang='lat' dir='ltr'><strong><em>dicere.</em></strong></span> 
     </span>
    </p>
   </div>
   <div class='ocr_carea' id='block_1_206' title="bbox 2851 5098 3536 5170">
    <p class='ocr_par' dir='ltr' id='par_1_206' title="bbox 2851 5098 3536 5170">
     <span class='ocr_line' id='line_1_215' title="bbox 2851 5098 3536 5170; baseline 0.01 -18"><span class='ocrx_word' id='word_1_1061' title='bbox 2851 5098 2947 5153; x_wconf 89' lang='lat' dir='ltr'><strong><em>Iid.</em></strong></span> <span class='ocrx_word' id='word_1_1062' title='bbox 2975 5098 3079 5154; x_wconf 89' lang='lat' dir='ltr'><strong><em>Sed</em></strong></span> <span class='ocrx_word' id='word_1_1063' title='bbox 3107 5115 3345 5170; x_wconf 86' lang='lat' dir='ltr'><strong><em>magnam</em></strong></span> <span class='ocrx_word' id='word_1_1064' title='bbox 3383 5103 3536 5159; x_wconf 88' lang='lat' dir='ltr'><strong><em>mise-</em></strong></span> 
     </span>
    </p>
   </div>
   <div class='ocr_carea' id='block_1_207' title="bbox 2779 5169 3534 5244">
    <p class='ocr_par' dir='ltr' id='par_1_207' title="bbox 2779 5169 3534 5244">
     <span class='ocr_line' id='line_1_216' title="bbox 2779 5169 3534 5244; baseline -0.007 -20"><span class='ocrx_word' id='word_1_1065' title='bbox 2779 5170 3076 5244; x_wconf 75' lang='lat' dir='ltr'><strong><em>ricordiam.</em></strong></span> <span class='ocrx_word' id='word_1_1066' title='bbox 3110 5169 3207 5244; x_wconf 65' lang='lat' dir='ltr'><strong><em>Dic</em></strong></span> <span class='ocrx_word' id='word_1_1067' title='bbox 3243 5191 3392 5244; x_wconf 82' lang='lat' dir='ltr'><strong><em>ergo,</em></strong></span> <span class='ocrx_word' id='word_1_1068' title='bbox 3423 5174 3534 5230; x_wconf 71' lang='lat' dir='ltr'><strong><em>Mi.</em></strong></span> 
     </span>
    </p>
   </div>
   <div class='ocr_carea' id='block_1_208' title="bbox 2779 5241 3535 5312">
    <p class='ocr_par' dir='ltr' id='par_1_208' title="bbox 2779 5241 3535 5312">
     <span class='ocr_line' id='line_1_217' title="bbox 2779 5241 3535 5312; baseline 0.005 -16"><span class='ocrx_word' id='word_1_1069' title='bbox 2779 5257 2943 5296; x_wconf 89' lang='lat' dir='ltr'><strong><em>serere</em></strong></span> <span class='ocrx_word' id='word_1_1070' title='bbox 2971 5241 3068 5297; x_wconf 92' lang='lat' dir='ltr'><strong><em>mei</em></strong></span> <span class='ocrx_word' id='word_1_1071' title='bbox 3093 5281 3111 5308; x_wconf 98' lang='lat'><strong><em>,</em></strong></span> <span class='ocrx_word' id='word_1_1072' title='bbox 3140 5241 3314 5312; x_wconf 50' lang='lat' dir='ltr'><strong><em>Deus;</em></strong></span> <span class='ocrx_word' id='word_1_1073' title='bbox 3352 5260 3535 5300; x_wconf 84' lang='lat' dir='ltr'><strong><em>secun-</em></strong></span> 
     </span>
    </p>
   </div>
   <div class='ocr_carea' id='block_1_209' title="bbox 2781 5313 3536 5385">
    <p class='ocr_par' dir='ltr' id='par_1_209' title="bbox 2781 5313 3536 5385">
     <span class='ocr_line' id='line_1_218' title="bbox 2781 5313 3536 5385; baseline 0.005 -19"><span class='ocrx_word' id='word_1_1074' title='bbox 2781 5313 2904 5367; x_wconf 89' lang='lat' dir='ltr'><strong><em>dum</em></strong></span> <span class='ocrx_word' id='word_1_1075' title='bbox 2958 5329 3194 5385; x_wconf 88' lang='lat' dir='ltr'><strong><em>magnam</em></strong></span> <span class='ocrx_word' id='word_1_1076' title='bbox 3247 5315 3536 5385; x_wconf 75' lang='lat' dir='ltr'><strong><em>misericor-</em></strong></span> 
     </span>
    </p>
   </div>
   <div class='ocr_carea' id='block_1_210' title="bbox 2783 5383 3535 5444">
    <p class='ocr_par' dir='ltr' id='par_1_210' title="bbox 2783 5383 3535 5444">
     <span class='ocr_line' id='line_1_219' title="bbox 2783 5383 3535 5444; baseline 0.009 -8"><span class='ocrx_word' id='word_1_1077' title='bbox 2783 5385 2921 5437; x_wconf 90' lang='lat' dir='ltr'><strong><em>diam</em></strong></span> <span class='ocrx_word' id='word_1_1078' title='bbox 2994 5383 3154 5438; x_wconf 80' lang='lat' dir='ltr'><strong><em>tuam.</em></strong></span> <span class='ocrx_word' id='word_1_1079' title='bbox 3242 5383 3350 5440; x_wconf 87' lang='lat' dir='ltr'><strong><em>Sed</em></strong></span> <span class='ocrx_word' id='word_1_1080' title='bbox 3419 5389 3535 5444; x_wconf 86' lang='lat' dir='ltr'><strong><em>vide</em></strong></span> 
     </span>
    </p>
   </div>
   <div class='ocr_carea' id='block_1_211' title="bbox 2777 5454 3535 5526">
    <p class='ocr_par' dir='ltr' id='par_1_211' title="bbox 2777 5454 3535 5526">
     <span class='ocr_line' id='line_1_220' title="bbox 2777 5454 3535 5526; baseline 0.007 -17"><span class='ocrx_word' id='word_1_1081' title='bbox 2777 5471 2924 5526; x_wconf 84' lang='lat' dir='ltr'><strong><em>quem</em></strong></span> <span class='ocrx_word' id='word_1_1082' title='bbox 2952 5455 3170 5511; x_wconf 89' lang='lat' dir='ltr'><strong><em>invoces.</em></strong></span> <span class='ocrx_word' id='word_1_1083' title='bbox 3195 5454 3419 5524; x_wconf 58' lang='lat' dir='ltr'><strong><em>Caetera,</em></strong></span> <span class='ocrx_word' id='word_1_1084' title='bbox 3441 5458 3535 5514; x_wconf 83' lang='lat' dir='ltr'><strong><em>de-</em></strong></span> 
     </span>
    </p>
   </div>
   <div class='ocr_carea' id='block_1_212' title="bbox 2779 5537 2926 5582">
    <p class='ocr_par' dir='ltr' id='par_1_212' title="bbox 2779 5537 2926 5582">
     <span class='ocr_line' id='line_1_221' title="bbox 2779 5537 2926 5582; baseline 0.014 -2"><span class='ocrx_word' id='word_1_1085' title='bbox 2779 5537 2926 5582; x_wconf 84' lang='lat' dir='ltr'><strong><em>sunt.</em></strong></span> 
     </span>
    </p>
   </div>
   <div class='ocr_carea' id='block_1_213' title="bbox 2851 5595 3531 5674">
    <p class='ocr_par' dir='ltr' id='par_1_213' title="bbox 2851 5595 3531 5674">
     <span class='ocr_line' id='line_1_222' title="bbox 2851 5595 3531 5674; baseline 0.009 -25"><span class='ocrx_word' id='word_1_1086' title='bbox 2851 5597 2944 5650; x_wconf 87' lang='lat' dir='ltr'><strong><em>Iid.</em></strong></span> <span class='ocrx_word' id='word_1_1087' title='bbox 2978 5595 3308 5674; x_wconf 68' lang='lat' dir='ltr'><strong><em>liespondeat</em></strong></span> <span class='ocrx_word' id='word_1_1088' title='bbox 3335 5597 3531 5674; x_wconf 87' lang='lat' dir='ltr'><strong><em>David,</em></strong></span> 
     </span>
    </p>
   </div>
   <div class='ocr_carea' id='block_1_214' title="bbox 2777 5667 3530 5799">
    <p class='ocr_par' dir='ltr' id='par_1_214' title="bbox 2777 5667 3530 5799">
     <span class='ocr_line' id='line_1_223' title="bbox 2778 5667 3530 5751; baseline -0.012 -27"><span class='ocrx_word' id='word_1_1089' title='bbox 2778 5668 3114 5740; x_wconf 68' lang='lat' dir='ltr'><strong><em>tespondcant</em></strong></span> <span class='ocrx_word' id='word_1_1090' title='bbox 3135 5667 3288 5751; x_wconf 78' lang='lat' dir='ltr'><strong><em>lapsi,</em></strong></span> <span class='ocrx_word' id='word_1_1091' title='bbox 3318 5667 3530 5738; x_wconf 71' lang='lat' dir='ltr'><strong><em>responl</em></strong></span> 
     </span>
     <span class='ocr_line' id='line_1_224' title="bbox 2777 5739 3530 5799; baseline 0.009 -7"><span class='ocrx_word' id='word_1_1092' title='bbox 2777 5739 2930 5793; x_wconf 79' lang='lat' dir='ltr'><strong><em>deant</em></strong></span> <span class='ocrx_word' id='word_1_1093' title='bbox 2983 5754 3098 5792; x_wconf 87' lang='lat' dir='ltr'><strong><em>cum</em></strong></span> <span class='ocrx_word' id='word_1_1094' title='bbox 3126 5739 3311 5799; x_wconf 84' lang='lat' dir='ltr'><strong><em>David.</em></strong></span> <span class='ocrx_word' id='word_1_1095' title='bbox 3349 5753 3402 5797; x_wconf 89' lang='lat' dir='ltr'><strong><em>ut</em></strong></span> <span class='ocrx_word' id='word_1_1096' title='bbox 3433 5744 3530 5799; x_wconf 88' lang='lat' dir='ltr'><strong><em>nti-</em></strong></span> 
     </span>
    </p>
   </div>
   <div class='ocr_carea' id='block_1_215' title="bbox 2777 5808 3532 5884">
    <p class='ocr_par' dir='ltr' id='par_1_215' title="bbox 2777 5808 3532 5884">
     <span class='ocr_line' id='line_1_225' title="bbox 2777 5808 3532 5884; baseline 0.011 -23"><span class='ocrx_word' id='word_1_1097' title='bbox 2777 5808 3107 5884; x_wconf 63' lang='lat' dir='ltr'><strong><em>sericordiam</em></strong></span> <span class='ocrx_word' id='word_1_1098' title='bbox 3136 5825 3532 5884; x_wconf 83' lang='lat' dir='ltr'><strong><em>consequantur.</em></strong></span> 
     </span>
    </p>
   </div>
   <div class='ocr_carea' id='block_1_216' title="bbox 2781 5880 3536 5952">
    <p class='ocr_par' dir='ltr' id='par_1_216' title="bbox 2781 5880 3536 5952">
     <span class='ocr_line' id='line_1_226' title="bbox 2781 5880 3536 5952; baseline 0.005 -16"><span class='ocrx_word' id='word_1_1099' title='bbox 2781 5880 2871 5952; x_wconf 75' lang='lat' dir='ltr'><strong><em>Sic</em></strong></span> <span class='ocrx_word' id='word_1_1100' title='bbox 2900 5880 3020 5934; x_wconf 84' lang='lat' dir='ltr'><strong><em>Cod.</em></strong></span> <span class='ocrx_word' id='word_1_1101' title='bbox 3056 5881 3258 5952; x_wconf 82' lang='lat' dir='ltr'><strong><em>Fesui.;</em></strong></span> <span class='ocrx_word' id='word_1_1102' title='bbox 3279 5880 3400 5942; x_wconf 77' lang='lat' dir='ltr'><strong><em>cod.</em></strong></span> <span class='ocrx_word' id='word_1_1103' title='bbox 3422 5885 3536 5940; x_wconf 79' lang='lat' dir='ltr'><strong><em>Mtt-</em></strong></span> 
     </span>
    </p>
   </div>
   <div class='ocr_carea' id='block_1_217' title="bbox 2781 5950 3214 6022">
    <p class='ocr_par' dir='ltr' id='par_1_217' title="bbox 2781 5950 3214 6022">
     <span class='ocr_line' id='line_1_227' title="bbox 2781 5950 3214 6022; baseline -0.002 -14"><span class='ocrx_word' id='word_1_1104' title='bbox 2781 5950 2887 6022; x_wconf 66' lang='grc' dir='ltr'><strong><em>σοι.</em></strong></span> <span class='ocrx_word' id='word_1_1105' title='bbox 2915 5962 2974 6008; x_wconf 82' lang='grc' dir='ltr'>ιιι</span> <span class='ocrx_word' id='word_1_1106' title='bbox 3000 5952 3055 6008; x_wconf 87' lang='lat' dir='ltr'><strong><em>in</em></strong></span> <span class='ocrx_word' id='word_1_1107' title='bbox 3083 5954 3214 6010; x_wconf 84' lang='lat' dir='ltr'><strong><em>edit.</em></strong></span> 
     </span>
    </p>
   </div>
  </div>
