4018 6494
523 365 668 434 1199

603 492 668 549 Ν.
717 487 796 544 8.0
819 483 1037 553 Quando
1077 479 1156 534 ‘ad
1206 491 1284 553 me

1458 349 1816 412 VARIORUM
1853 335 2357 403 ορυευυιυιῇιδι
2395 341 2462 400 S.
2502 335 2874 399 AUGUSTINI

1425 472 1525 529 Iid.
1554 471 1773 537 Quando
1799 467 1866 521 ad
1885 481 1964 520 me
1990 462 2113 537 mis-
2140 455 2193 519 A
2287 458 2417 537 Ibid.
2456 455 2721 537 Tanauam
2757 462 2974 537 purgato

529 527 1287 628 nilih."§.i‘ﬁ£§iu£feidé
1357 527 1444 602 sus
1481 527 1596 598 est"
1618 540 1862 628 propheta
1916 536 2002 606 qui
2051 534 2113 586 de
2217 533 2370 586 oculo
2392 547 2492 601 quo
2522 530 2660 584 cerni
2689 527 2868 596 possit.

1360 633 1447 672 ove
1472 615 1730 685 pauperis,
1758 623 1863 685 etc.

1435 679 1531 742 li‘d.
1576 679 1784 755 Profert
1827 681 1914 735 ille
1949 679 2114 732 iratus

1362 759 1680 816 sententiam.

1434 831 1529 885 Iid.
1555 828 1623 883 Et
1645 842 1786 880 ouem
1805 821 2117 878 reddendam

1362 904 1415 958 in
1471 900 1838 977 quadruplum.
1892 891 2120 976 Berct-is-

1364 977 1488 1028 sime
1531 981 1691 1042 atque
1707 973 1992 1042 justissime
2023 973 2120 1034 ju-

1366 1041 1606 1099 dicavit.’
1657 1041 1762 1096 sed
1814 1046 2115 1109 peccatum,

1364 1128 1530 1243 euIid.
1573 1182 1969 1238 Ferramentum
2000 1177 2120 1248 fecit

1366 1259 1502 1313 Deus
1532 1257 1594 1311 de
1629 1256 1803 1323 lingua
1830 1255 1964 1324 ejus.
1996 1248 2123 1324 lia}-

1365 1340 1602 1386 terorum
1655 1316 1804 1388 loco,
1835 1316 1955 1390 q'uaa
1979 1316 2120 1390 desi-

1365 1403 1620 1457 derantur
1641 1398 1693 1450 in
1717 1389 1904 1448 eodiCe
1929 1389 2123 1444 haben-

531 1495 624 1542 tur
647 1479 964 1554 sequentia:
1004 1476 1074 1533 Et
1112 1493 1206 1534 nos
1245 1489 1389 1546 ergo,
1433 1475 1618 1554 fratres
1648 1465 1919 1554 carissimi,
1952 1476 2122 1554 agno:

533 1542 742 1612 scontes'
757 1553 1048 1623 iniquitates
1087 1542 1321 1623 nostras,
1339 1553 1588 1616 quantum
1622 1542 2124 1623 possumus,

532 1603 726 1682 inulas-
741 1603 1178 1689 canituptscentias
1200 1603 1540 1689 repugnemus
1577 1603 1869 1689 :_'jejuniis,
1910 1603 2120 1689 uigiliis,

532 1676 854 1753 orationibus
875 1676 929 1748 et
961 1676 1285 1763 largioribus:
1313 1676 1647 1763 evleemosynis'
1663 1676 1818 1763 .mala
1845 1691 1968 1763 ante
2002 1676 2124 1763 feci-

534 1785 654 1824 mus
673 1769 1008 1829 redimamus,
1037 1755 1082 1816 Et
1108 1777 1223 1814 cum
1248 1758 1341 1812 Dei
1371 1755 1631 1829 adjutorio
1657 1755 1734 1805 ita
1771 1755 1927 1829 bonis.
1945 1755 2116 1815 aperi-

533 1819 944 1894 bus'studeamus
974 1819 1225 1899 insistere,
1253 1838 1310 1883 ut
1338 1819 1520 1882 nos'ad
1546 1831 1757 1899 peccata
1780 1819 1997 1899 pristina
2017 1832 2122 1870 non

533 1892 752 1982 possint
770 1903 1190 1982 concupiscentiae
1212 1892 1416 1955 nostra:
1443 1892 1734 1982 retrahere:
1756 1892 1864 1982 ged
1889 1903 2124 1974 perseve-

533 1960 792 2036 gini»;
809 1960 955 2032 omni
980 1991 1130 2046 opere
1153 1976 1301 2037 bona,
1325 1986 1442 2046 Eum
1474 1968 1722 2046 propheta
1747 1960 1970 2046 Domino
1996 1974 2122 2046 grav:

533 2029 956 2121 iiii"}eférénges
998 2029 1580 2121 dircamustirupisti'
1605 2035 1809 2092 vincula
1855 2049 1967 2088 mea
1983 2029 2012 2098 ξ
2033 2029 2124 2085 tibi

533 2115 838 2193 sacriﬁcabo
873 2118 1093 2172 hostiam
1131 2115 1325 2169 laudis.

735 2227 1134 2289 ENARRATIO
1172 2225 1236 2282 IN
1277 2221 1604 2282 PSALMUM
1641 2217 1925 2276 LXXXIII.

607 2346 827 2418 Legitur
852 2343 972 2414 ejus
996 2346 1121 2413 pars
1165 2340 1370 2409 aliqua,
1403 2350 1597 2404 nempe
1625 2332 1837 2389 numeri
1869 2329 1937 2384 16
1957 2371 1972 2396 ,
2005 2337 2130 2402 post

535 2441 814 2500 exordium
861 2453 928 2495 ex
970 2449 1220 2492 sermone
1265 2445 1538 2489 CCLxxvm
1599 2429 1873 2494 eductum,
1903 2427 1958 2482 in
1986 2425 2126 2481 Bibl.

538 2536 736 2608 Mugel.
766 2531 888 2589 cod.
919 2545 1008 2598 xv,
1040 2528 1134 2584 fol.
1159 2527 1255 2594 22,
1299 2525 1386 2580 ubi
1420 2523 1522 2578 hoc
1569 2519 1909 2577 solummodo
1962 2531 2132 2573 anno-

535 2629 759 2686 tandum
785 2625 1043 2690 occurrit,
1073 2620 1214 2692 quod
1249 2621 1441 2674 horum
1475 2616 1598 2672 loco
1629 2632 1643 2669 :
1679 2612 1813 2668 Ecce
1841 2612 1996 2668 habes
2031 2612 2130 2666 mi-

539 2718 896 2776 sericordiam.
945 2711 1133 2767 Noluit
1181 2719 1301 2763 tunc
1341 2706 1504 2772 Deus,
1556 2713 1660 2760 etc.
1697 2704 1924 2758 habetur
1954 2711 2133 2758 utrum

540 2809 754 2877 melius,
786 2803 1047 2877 iudicabit
1075 2803 1248 2857 lector
1277 2816 1294 2855 :
1325 2798 1463 2853 Ecce
1483 2797 1673 2852 habens
1704 2795 2132 2863 misericordiam,

541 2902 711 2958 noluit
740 2909 862 2956 tunc
885 2896 1187 2965 Deus,.etc.

789 3006 1191 3069 ENARRA'I’IO
1227 3004 1294 3062 IN
1334 3002 1682 3061 PSALMUM.
1718 3002 1883 3062 CXV.

618 3131 836 3200 Legitur
881 3128 936 3182 in
977 3124 1100 3181 cod.
1145 3121 1357 3178 Cassin.
1407 3135 1672 3187 cuxvut,
1721 3118 1818 3176 fol.
1851 3121 1985 3193 n.5,
2015 3131 2138 3193 post

531 652 622 690 oue
637 629 911 706 pauperis,
936 647 958 678 ις
970 637 1040 679 lc.

607 695 834 759 IbidIAt
854 698 941 752 ille
963 695 1155 765 profert
1185 695 1290 746 ira-

534 788 616 832 tus
647 771 968 829 sententiam.

602 846 740 900 Ibid.
787 841 849 896 Et
889 854 1029 893 orem
1067 836 1287 891 redden-

532 921 657 972 dam
703 915 757 968 in
792 908 1161 982 quadruplum.
1176 907 1289 982 _Se-

533 989 791 1049 uerissime
804 979 960 1053 atque
984 979 1286 1051 justissima.

534 1059 642 1114 Sed
667 1064 948 1126 peccatum,
972 1062 1079 1108 etc.

607 1199 742 1256 Ibid.
787 1195 1180 1252 Ferramentum
1217 1195 1291 1256 fe-

533 1274 602 1327 cit
647 1271 710 1324 de
759 1269 936 1340 lingua
979 1268 1113 1338 ejus.
1179 1268 1292 1316 Hoc

532 1343 675 1413 fecit,
707 1349 812 1397 etc.

2287 673 2352 741 N,
2381 671 2689 728 12.Mitibus
2709 668 2980 725 hereditas

2218 743 2339 798 data
2368 755 2460 800 est.

2293 815 2424 870 Ibid.
2461 814 2614 882 Quod
2650 811 2983 868 invalidiori-

2221 887 2312 942 bus
2339 886 2596 941 exhibent.

2294 958 2427 1016 Ibid.
2475 956 2719 1026 Paci/icis
2769 953 2867 1009 Dei
2912 954 2986 1008 si-

2222 1030 2460 1084 militudo
2491 1037 2732 1098 tanquam
2762 1027 2985 1098 perfecte

2222 1101 2534 1171 sapientibus
2629 1098 2982 1169 formatisque,

2222 1181 2328 1228 etc.

2293 1243 2358 1298 N.
2389 1241 2476 1296 14.
2503 1239 2631 1296 Cum
2658 1238 2982 1306 maledicere,

2226 1315 2321 1370 hoc
2347 1314 2412 1368 sit
2439 1315 2636 1367 malum
2661 1313 2849 1367 dicere.

3691 327 3821 389 IQ‘O

3120 448 3205 535 Id.
3256 447 3545 535 Tanquam
3611 459 3824 535 purga.-

3047 523 3232 607 mentis
3297 523 3455 577 oculo
3524 536 3630 590 quo
3691 525 3820 576 cerui

3051 606 3231 666 possit.

3125 668 3201 720 Id.
3260 664 3488 748 itibus
3541 664 3815 721 haredites

3055 746 3313 805 competit.

3127 809 3205 864 Id.
3237 807 3394 873 Quod
3426 808 3532 877 ipsi
3554 807 3824 862 intalidio-

3057 880 3196 934 ribus
3223 878 3489 933 exhibuit.

3130 951 3206 1004 Id.
3243 949 3466 1016 Paciﬁci
3493 949 3743 1004 dicuntur
3769 951 3824 1011 ιὶ-

3057 1022 3118 1077 [ἱὶ
3142 1021 3262 1087 Dei,
3293 1022 3364 1074 ad
3403 1021 3820 1086 similitudines,

3057 1103 3302 1165 tanquam
3355 1093 3579 1162 perfecti
3631 1094 3824 1164 sapiu-

3059 1174 3153 1232 tes,
3187 1165 3425 1235 Ῑονηιαιι.
3454 1174 3566 1218 etc.
3590 1236 3603 1246 _

3130 1235 3206 1290 Id.
3237 1235 3371 1290 Cum
3398 1235 3720 1289 maledicere
3741 1236 3826 1290 lue

3055 1307 3122 1362 sit
3132 1275 3731 1378 ’ξιὶοῖι’ἱὶιὶιὶἰὶὶέῗὲἕεῖέἕ.

2855 1395 2984 1436 IDEM
3022 1395 3198 1434 LIBER.

2297 1475 2429 1532 Pars
2457 1474 2576 1546 ejus
2602 1474 2797 1529 iterum
2840 1471 3036 1542 legitur
3063 1483 3092 1523 a
3139 1469 3246 1524 line
3298 1484 3356 1523 η.
3409 1467 3521 1534 21,
3562 1466 3639 1522 ad
3679 1467 3825 1525 line-

2225 1583 2282 1625 n.
2313 1569 2383 1624 98
2405 1569 2459 1622 in
2493 1567 2631 1621 Bibl.
2664 1566 2944 1631 Laurent.,
2976 1563 3113 1632 plut.
3135 1577 3271 1627 xm,
3294 1559 3392 1615 I'ol.
3418 1559 3560 1616 220.

2298 1661 2440 1716 Edit.
2469 1660 2536 1716 N.
2557 1657 2648 1714 22.
2690 1657 2758 1711 Ει
2796 1659 2910 1711 ideo
2938 1655 2984 1709 si

2229 1733 2384 1788 levius
2405 1742 2478 1787 est
2497 1747 2642 1786 reunt
2660 1745 2766 1784 esse
2781 1728 2985 1800 judicio

2228 1821 2381 1874 quam
2420 1820 2568 1858 reum
2596 1818 2702 1856 esse
2731 1800 2984 1864 concilio;

2225 1876 2346 1931 item
2376 1876 2550 1937 levius,
2585 1882 2691 1928 etc.

2298 1947 2361 2002 N.
2395 1945 2486 2002 26.
2520 1945 2587 1998 Et
2629 1943 2756 1997 vade
2777 1983 2792 2008 ,
2847 1941 2991 2009 prius

2223 2018 2560 2074 reconciliare
2589 2015 2744 2086 fratri
2771 2021 2878 2068 tuo.

3124 1653 3258 1709 Cod.
3310 1651 3443 1707 Ideo
3495 1653 3638 1708 sicut
3681 1653 3823 1708 leuius

3055 1736 3126 1779 est
3149 1741 3294 1779 reum
3313 1741 3426 1779 esse
3449 1726 3669 1796 judicio
3689 1743 3828 1792 qua

3057 1813 3199 1850 reum
3229 1813 3342 1851 esse
3369 1796 3633 1861 concilio,
3674 1798 3743 1850 ita
3765 1799 3831 1850 le-

3069 1870 3202 1932 uius,
3233 1877 3343 1923 etc.

3135 1939 3212 1994 Id.
3247 1937 3316 1992 Et
3341 1940 3476 1993 uade
3498 1939 3651 2010 prius
3672 1956 3833 1995 recon-

3065 2011 3234 2064 ciliari
3263 2012 3421 2081 fratri
3453 2020 3568 2065 tuo.

2910 2119 3066 2159 LIBER
3104 2117 3163 2157 Il.

2298 2203 2516 2276 Legitur
2535 2199 2778 2272 quaedam
2820 2197 2936 2268 eius
2966 2209 3090 2266 pars
3111 2237 3127 2262 ,
3157 2208 3355 2265 nempe
3386 2210 3418 2250 a
3449 2211 3513 2252 n.
3557 2195 3628 2252 46
3656 2210 3835 2254 versus

2229 2299 2396 2354 ﬁnem
2422 2310 2593 2365 usque
2633 2293 2698 2349 ad
2745 2288 3090 2362 penultimam
3131 2289 3474 2344 sententiam
3523 2306 3580 2344 ιι.
3633 2289 3734 2355 58,
3786 2291 3833 2344 is

2230 2391 2372 2448 Bibl.
2403 2389 2658 2445 Laurent.
2693 2387 2824 2454 plut.
2856 2397 2983 2446 xvu,
3015 2379 3140 2436 cod.
3165 2395 3363 2446 xxxvr,
3398 2381 3504 2436 fol.
3536 2380 3671 2437 255.

2304 2483 2449 2538 Edit.
2474 2480 2642 2536 Ν.49.
2666 2478 2718 2533 Ν
2723 2495 2788 2532 οη
2812 2476 2996 2530 habere

2233 2555 2638 2610 sollicitudinem
2678 2551 2866 2605 animle
2910 2563 2995 2602 ue-

2233 2637 2374 2682 strw.

2307 2697 2441 2753 Ibid.
2474 2695 2541 2750 Et
2564 2695 2631 2749 ad
2652 2694 2766 2764 ipsa
2791 2691 3000 2761 conqui-

2235 2772 2416 2854 renda.
2435 2779 2612 2822 nostra
2641 2769 3001 2833 detorquentur

2235 2849 2468 2895 intentio.
2856 2863 2865 2868 ‘

2309 2911 2376 2966 N.
2405 2910 2494 2964 52.
2530 2908 2640 2964 Nec
2670 2907 2920 2966 Salomon
2944 2905 3000 2959 in

2238 2983 2376 3037 omni
2405 2983 2570 3055 gloria
2589 2997 2683 3035 sua
2703 2981 2778 3034 sic
2795 2978 3001 3032 vestitus

2237 3062 2374 3180 “‘N.
2413 3122 2507 3182 56.
2556 3120 2736 3177 Nolite
2778 3119 3005 3190 cogitare

544 3228 664 3283 bac
688 3195 963 3280 iProinde
981 3217 1239 3274 verissime
1259 3216 1454 3270 dictum
1474 3223 1547 3268 est
1578 3230 1598 3268 .'
1633 3213 1811 3268 Omnis
1837 3217 1985 3270 homo
2001 3233 2140 3272 men.
2163 3224 2213 3290 α
2243 3195 2307 3253 de
2319 3197 2574 3290 εναξξηοο

545 3321 670 3385 dax,
704 3315 917 3372 additur
953 3330 968 3368 :
993 3311 1062 3366 In
1091 3318 1286 3365 tantum
1309 3307 1446 3362 enim
1472 3323 1574 3360 non
1599 3317 1747 3362 erunt
1776 3309 2062 3378 mendaces,
2085 3311 2140 3365 in

545 3421 798 3486 quantum
828 3424 931 3462 non
961 3412 1109 3460 erunt
1135 3402 1401 3466 homines;
1438 3399 1686 3470 quoniam
1728 3400 1800 3454 dii
1825 3411 1973 3456 erunt
2001 3412 2048 3458 et
2076 3403 2139 3473 fi-

550 3508 608 3561 lii
632 3502 902 3560 Altissimi.

787 3615 878 3672 DE
917 3608 1242 3672 SERMONE
1280 3605 1518 3664 DOMINI
1556 3606 1623 3664 IN
1661 3607 1914 3665 MONTE.

1147 3738 1304 3780 LIBER
1338 3737 1547 3778 Ριιιιιῠε.

628 3851 760 3907 Pars
799 3845 920 3917 ejus
960 3839 1176 3912 legitur,
1201 3848 1396 3904 nempe
1443 3849 1471 3888 a
1511 3849 1566 3888 n.
1593 3832 1627 3886 2
1655 3835 1720 3889 ad
1754 3851 1809 3889 n.
1837 3834 1926 3901 15,
1959 3851 2144 3894 versus

553 3946 813 4008 medium.
852 3935 1074 4010 in;BibI.
1109 3928 1324 4001 Mugell.
1345 3969 1362 3996 ,
1395 3929 1514 3984 cod.
1539 3946 1626 3997 xv,
1658 3931 1751 3986 I‘ol.
1777 3930 1883 3985 248
1905 3943 1958 3988 et
1979 3932 2103 3989 249.

626 4036 771 4091 Edit.
803 4030 943 4088 Ν.2.
970 4026 1072 4082 Per
1099 4020 1312 4095 praplte-
1403 4090 1418 4097 Δ
1457 4020 1589 4097 God.
1655 4023 1792 4078 Dicit
1860 4025 2139 4097 Propheta,

555 4090 664 4164 lani
696 4105 905 4172 dicitur,
937 4090 1310 4172 Justitia,'etc.
1385 4090 1620 4172 Justitia,
1653 4107 1759 4172 etc.

627 4179 688 4233 N.
720 4177 775 4234 7.
803 4164 1056 4241 Quoniam
1084 4169 1315 4240 ipsorunt
1566 4166 1698 4241 Quia
1733 4170 1960 4241 ipsorum
1993 4169 2140 4224 ηιίεε.

551 4236 889 4306 miserebitur.
1105 4236 1114 4240 ⁷
1386 4236 1580 4291 rebitur
1633 4236 1788 4294 Deus.
1852 4240 1984 4294 Vide
2029 4255 2141 4294 var.

1387 4307 1574 4433 galina,
1617 4322 1671 4365 et
1719 4313 1798 4366 sic
1845 4311 2096 4382 deinceps
2123 4351 2139 4377 ,

1388 4395 1444 4433 η.
1478 4395 1565 4434 12.

1458 4451 1535 4525 Id.
1568 4451 1761 4517 Quibus
1811 4455 1955 4508 nodis
1997 4453 2139 4525 fcod.

623 4461 689 4516 Ν.
714 4461 803 4517 10.
829 4459 1023 4525 Quibus
1049 4455 1198 4511 nodis
1220 4461 1310 4525 per

1384 4521 1521 4576 male
1546 4525 1731 4595 modis]
1758 4540 1848 4594 per
1877 4521 2142 4578 carnalem

541 4522 811 4590 carnalem
837 4522 863 4525 ν’
893 4522 1311 4583 consuetudinem

552 4623 614 4661 ac
640 4612 848 4676 peccata
884 4610 1129 4655 teneatur.

1383 4667 1575 4733 laqueis
1605 4677 1852 4722 teneatur.

1454 4736 1532 4792 Id.
1574 4737 1732 4794 Sexto
1771 4749 1938 4792 autem

1385 4817 1457 4862 est
1486 4811 1653 4863 cordis
1682 4811 1956 4864 munditia.

1455 4880 1530 4934 Id.
1565 4880 1835 4935 Postrema
1879 4890 1951 4934 est
1979 4881 2140 4952 septi-

1383 4968 1466 5023 ma
1493 4953 1604 5020 ipsa
1627 4953 1898 5023 sapientia.

1453 5022 1529 5077 Id.
1559 5022 1748 5078 Octava
1762 5040 1878 5076 vero
1890 5040 1988 5093 qua
2005 5023 2139 5078 dici-

1382 5103 1484 5160 tur,
1525 5094 1671 5148 Beati
1708 5098 1793 5165 qui
1841 5096 2144 5164 persecutio-

548 5237 552 5240 .
723 5168 730 5170 “
1378 5183 1491 5220 nem
1517 5168 1781 5238 patiuntur
1809 5175 2013 5237 propter
2044 5170 2141 5239 ju-

551 5245 766 5364 stitiam,
779 5241 1018 5364 guagiam
1034 5240 1260 5311 ipsorum
1289 5251 1364 5295 est
1378 5255 1588 5310 regnum
1605 5240 1869 5304 caelorum,
1896 5247 2139 5308 tanquam

551 5334 581 5364 α
649 5329 778 5364 mmt
828 5328 881 5364 re
922 5321 977 5364 tl.

549 5318 620 5372 ad
649 5321 797 5372 caput
828 5312 977 5366 redit.

550 5332 619 5380 αα
649 5332 797 5397 caput
828 5332 977 5366 reau.
1039 5381 1050 5393 .
1203 5383 1214 5394 ο

550 5458 554 5463 _
625 5384 760 5463 Ibid.
799 5381 979 5452 Itaque
1033 5399 1300 5463 inprima
1381 5453 1392 5463 .
1447 5379 1520 5435 Id.
1564 5379 1749 5453 Itaque
1792 5381 1845 5436 in
1881 5383 2050 5463 prima
2087 5390 2136 5463 et

552 5460 600 5513 et
647 5459 701 5512 in
752 5465 930 5510 octaua
981 5454 1300 5509 nominatum
1374 5453 1429 5506 in
1466 5462 1643 5507 octava
1683 5456 1932 5508 sententia
1969 5454 2138 5508 nomi-

553 5536 646 5585 est.
1377 5533 1550 5578 natum
1577 5532 1670 5578 est.

621 5600 754 5656 Ibid.
808 5597 934 5652 Cum
951 5599 1067 5670 jam
1096 5597 1306 5666 dicitur,
1396 5664 1425 5670 Α
1455 5595 1531 5670 l_d.
1565 5595 1691 5649 Cum
1720 5595 2134 5670 jamquteritur,

555 5670 681 5739 Quis
711 5687 804 5724 nos
830 5664 1080 5738 separabit
1099 5670 1125 5723 ?
1289 5664 1296 5666 ⁷
1385 5664 1511 5739 Quis
1540 5682 1631 5739 nos
1657 5664 1950 5738 separabit?

623 5743 687 5796 N.
745 5742 829 5797 II.
884 5735 960 5792 Ut
990 5740 1308 5796 dimittamus
1452 5736 1528 5792 Id.
1568 5735 1634 5791 Ut
1682 5735 1996 5792 dimittamus
2024 5738 2142 5793 aliis

548 5811 677 5888 sicut
726 5811 871 5865 nobis
926 5812 1113 5865 dimitti
1168 5813 1312 5867 oolu—
1386 5809 1516 5863 sicut
1567 5808 1710 5864 nobis
1765 5808 1949 5863 dimitti
1997 5811 2142 5864 volu-

551 5896 680 5935 ml“.
1385 5896 1517 5935 mus.

542 4809 546 4813 ,
624 4746 758 4802 Ibid.
819 4743 980 4800 Sexto
1023 4742 1186 4815 gradu
1237 4749 1311 4796 est

551 4819 720 4874 cordis
746 4816 1020 4870 munditia.

626 4887 763 4943 Ibid.
799 4886 1064 4941 Postremo
1107 4894 1180 4940 est
1226 4900 1308 4938 se-

551 4961 716 5030 ptima
740 4961 853 5030 ipsa
873 4955 1142 5028 sapientia.

623 5031 734 5085 Ibid
747 5026 770 5083 ,⁷
819 5026 1010 5081 Octava
1064 5039 1307 5097 tanquam

551 5102 620 5157 ad
657 5108 811 5170 caput
839 5099 990 5154 redit.

1973 4741 2141 4810 gradu

1383 4596 1817 4692 consuetudinem,
1853 4612 1914 4648 ac
1951 4597 2142 4667 peccati
2167 4630 2224 4692 Β

2316 3269 2382 3323 Ν.
2428 3265 2518 3325 57.
2570 3266 2638 3321 1η
2684 3267 2790 3321 illis
2837 3271 3006 3316 autem

2245 3339 2418 3395 diebus
2449 3339 2813 3394 descenderunt
2839 3335 2902 3388 ab
2925 3331 3010 3388 Je-

2247 3411 2539 3482 rosolymis.

2317 3480 2450 3538 Ibid.
2508 3480 2722 3536 Famem
2768 3493 3008 3549 magnam

2246 3557 2475 3625 futuram
2503 3554 2556 3607 in
2583 3560 2818 3606 universo
2854 3566 3006 3625 mun_-

2246 3620 2335 3691 do,
2379 3640 2496 3694 qua:
2531 3633 2581 3678 et
2628 3625 2766 3692 facta
2802 3633 2876 3677 est
2911 3620 3004 3675 sub

2247 3696 2464 3750 Claudio
2526 3694 2746 3751 Ctesare.
2794 3695 3007 3748 Discen-

2248 3768 2376 3821 tium
2389 3777 2556 3820 autem
2569 3774 2621 3818 ut
2635 3766 2844 3836 quisque
2854 3765 3008 3819 abun-

2246 3840 2416 3903 dabat,
2450 3847 2733 3892 statuerunt
2753 3836 3006 3904 unusqui-

2245 3925 2368 3980 sque
2392 3925 2566 3963 eorum
2593 3911 2648 3962 in
2673 3909 3006 3963 ministerium

2246 3987 2442 4035 mittere
2454 3980 2753 4050 presbyteris
2771 3980 3007 4034 habitan-

2247 4053 2377 4106 tibus
2406 4053 2460 4104 in
2502 4050 2673 4105 Judea
2722 4052 3001 4122 fratribus,

2244 4125 2334 4190 qui
2361 4134 2408 4177 et
2420 4125 2664 4177 miserunt
2675 4138 2765 4193 per
2795 4138 3005 4177 manum

2245 4194 2500 4250 Barnabat
2528 4206 2574 4248 et
2609 4194 2780 4249 Sauli.

2322 4267 2455 4321 Ibid.
2515 4265 2585 4322 Ut
2637 4264 2818 4320 habeat
2872 4265 3009 4320 unde

2248 4337 2464 4392 tribuere
2489 4339 2573 4392 cui
2609 4352 2738 4408 opus
2767 4347 2860 4391 est.

2245 4567 2274 4606 ε
2317 4480 2454 4606 νῆά.
2483 4478 2740 4550 Respicite
2776 4479 3009 4535 volatilia

2273 4568 2319 4606 at
2341 4570 2378 4606 ι.

2273 4568 2378 4609 mu.

3143 2472 3276 2528 Cod.
3305 2472 3436 2526 Non
3471 2473 3668 2527 habere
3703 2473 3832 2527 solﬁv

3069 2544 3352 2598 citudinem
3397 2549 3456 2598 in
3506 2547 3735 2599 animus
3765 2561 3834 2600 se-

3069 2626 3254 2670 stram.

3144 2688 3217 2740 Id.
3251 2686 3319 2740 Et
3333 2687 3409 2740 ad
3431 2687 3543 2741 ista
3564 2691 3833 2754 conquira-

3071 2757 3140 2811 da
3167 2758 3553 2818 detorqueatur
3576 2761 3800 2816 intentio.

3144 2899 3223 2956 Id.
3250 2900 3370 2957 Nec
3395 2900 3666 2958 Salomon
3690 2906 3737 2957 in
3757 2919 3826 2957 οι

3073 2973 3129 3025 ni
3149 2971 3319 3043 gloria
3350 2988 3458 3027 sua
3478 2976 3562 3027 sic
3591 2987 3837 3046 coopertus

3074 3053 3170 3098 ρει.

3148 3115 3224 3171 Id.
3253 3113 3444 3170 Nolite
3485 3133 3622 3187 ergo
3660 3119 3839 3173 solliciti

3077 3203 3187 3242 esse
3213 3187 3282 3240 de
3306 3189 3576 3242 crastino.

3152 3259 3228 3314 Id.
3254 3257 3322 3312 In
3343 3259 3459 3312 illis
3487 3269 3667 3312 autem
3686 3261 3841 3314 diebus

3077 3341 3495 3401 superuenerunt
3520 3333 3590 3384 ab
3602 3329 3837 3404 laeson

3151 3473 3229 3530 Id.
3266 3472 3479 3548 Romen
3509 3490 3752 3548 magnotu
3772 3478 3838 3543 fs-

3079 3557 3252 3602 turam
3299 3547 3356 3598 in
3409 3550 3660 3600 uniuerso
3706 3551 3836 3614 orbe,

3077 3635 3192 3690 qua
3217 3627 3264 3671 et
3294 3618 3455 3690 facta
3473 3629 3554 3672 est
3584 3621 3678 3672 sub
3705 3617 3833 3673 Cles-

3077 3688 3185 3746 dio.
3206 3688 3477 3749 Discipuli
3493 3698 3692 3757 autem,
3706 3700 3834 3756 prout

3077 3765 3290 3833 quisque
3309 3760 3561 3828 habebat,
3574 3770 3833 3814 statur-nt

3078 3836 3132 3890 in
3154 3833 3509 3888 ministerium
3541 3834 3734 3886 mittere
3756 3834 3834 3885 lte-

3079 3904 3358 3961 bilantibus
3382 3903 3437 3956 in
3461 3902 3656 3958 Iudaea
3678 3902 3835 3974 fratri-

3077 3979 3194 4044 bus,
3219 3977 3359 4048 quod
3385 3986 3437 4028 et
3465 3981 3697 4048 fecerunt
3731 3974 3836 4048 utit-

3077 4044 3240 4104 tentes
3253 4064 3348 4114 per
3375 4044 3566 4101 manus
3599 4044 3838 4100 Burnebc

3077 4132 3125 4178 et
3154 4120 3327 4178 Sauli.

3154 4263 3231 4320 Id.
3261 4261 3332 4317 Ut
3370 4261 3566 4315 habeat
3595 4261 3730 4317 unde
3754 4259 3836 4316 tri-

3082 4338 3200 4391 buat
3213 4337 3296 4390 cui
3317 4349 3452 4404 opus
3471 4346 3570 4388 est.
3590 4332 3709 4387 νῆά.
3729 4347 3831 4388 nr.

3081 4409 3247 4463 Mam.

3151 4479 3230 4533 Id.
3249 4477 3532 4548 Respicite,
3559 4477 3738 4548 inquit,
3758 4490 3836 4528 eo-

3080 4551 3244 4605 latilia
3274 4553 3408 4605 caeli.

2594 4667 2662 4724 IN
2698 4666 2978 4725 JOANNIS
3016 4665 3488 4724 EVANGELIUM.

2768 4775 3074 4818 τιιΑοτΑτυε
3111 4775 3324 4816 PRIMUS.

2322 4857 2537 4927 Legitur
2566 4856 2617 4910 in
2651 4855 2788 4911 Bibl.
2821 4855 3008 4922 Laur.,
3036 4855 3168 4926 plut.
3203 4870 3315 4927 xx;
3345 4853 3557 4917 sinist.,
3588 4849 3773 4927 Iol.‘_60
3795 4849 3822 4903 ι

2227 4943 2280 4984 'a
2302 4945 2356 4984 n.
2392 4922 2424 4983 I
2454 4942 2642 4984 versus
2670 4927 2876 4983 initium
2905 4922 3075 4998 usque
3097 4926 3164 4982 ad
3189 4941 3249 4981 n.
3276 4925 3336 4980 11
3367 4940 3560 4979 versus
3584 4922 3823 4978 medium.

2322 5022 2468 5078 Edit.
2495 5022 2560 5078 Ν.
2581 5021 2636 5076 2.
2670 5021 2799 5088 Quae
2821 5031 2895 5078 est
2911 5025 3004 5093 ju-

2250 5094 2390 5148 stitia
2443 5109 2599 5164 quam
2654 5093 2809 5147 colles
2869 5093 3004 5148 exci-

2247 5166 2394 5236 piunt
2413 5165 2438 5220 ἵ

2320 5236 2455 5292 Ibid.
2484 5235 2559 5291 Ab
2593 5236 2708 5306 ipsa
2751 5233 3004 5305 sapientia

2249 5307 2652 5363 illustrarentur.

2315 5380 2381 5435 Ν.
2412 5382 2464 5435 5.
2501 5379 2614 5446 Quo
2656 5379 2868 5446 quisque
2910 5393 3004 5431 na-

2245 5451 2344 5504 uim
2376 5466 2494 5504 cum
2532 5451 2822 5520 impulerit,
2849 5447 3006 5503 soloi-

2243 5531 2345 5577 tur.

2315 5593 2383 5649 N.
2436 5589 2490 5646 4.
2553 5591 2674 5647 Νοη
2720 5590 3004 5646 valentibus

2243 5664 2504 5737 percipere
2526 5679 2638 5733 quae
2661 5673 2778 5718 sunt
2810 5661 2927 5716 Dei.

2314 5805 2379 5890 Ν.
2407 5805 2463 5862 7.
2492 5805 2597 5864 Sed
2627 5808 2760 5876 forte
2786 5803 2883 5859 hoc
2917 5803 2998 5858 di-

2245 5889 2390 5935 cetis.

3147 5020 3283 5075 Cod.
3322 5019 3454 5086 Qua:
3475 5028 3551 5073 est
3574 5020 3670 5070 ista
3691 5017 3830 5085 justi-

3076 5091 3149 5146 tia
3174 5107 3328 5162 quam
3349 5091 3509 5144 colles
3543 5087 3830 5157 excipiunt?

3145 5232 3202 5288 Id
3211 5272 3224 5287 .
3238 5232 3315 5286 Ab
3327 5232 3441 5303 ipsa
3452 5230 3705 5302 sapientia
3721 5229 3829 5284 illu-

3077 5305 3420 5358 minarentur.

3149 5375 3227 5429 Id.
3272 5374 3387 5439 Quo
3433 5374 3644 5444 quisque
3671 5373 3828 5425 naria

3077 5463 3193 5500 cum
3220 5445 3509 5518 impulerit,
3529 5449 3762 5501 solvetur.

3150 5588 3228 5644 Id.
3260 5587 3383 5644 Non
3415 5586 3706 5667 valentibus
3725 5599 3828 5667 per-

3077 5661 3244 5743 cnipere
3283 5676 3398 5730 qua:
3446 5669 3567 5713 sunt
3613 5657 3828 5728 Spiritus

3077 5731 3229 5928 fcit}.
3261 5802 3370 5859 Sed
3397 5801 3529 5873 forte
3573 5803 3667 5856 hoc
3709 5795 3826 5852 dici-

3098 5890 3163 5928 I8.
