4018 6462
249 368 377 427 1201

323 484 455 541 Ibid.
511 481 677 550 Quale
717 495 806 550 cor
851 477 1006 550 levet,

249 559 419 614 uideat
443 571 463 620 ;
491 547 616 626 quia
638 551 708 606 ad
731 547 1012 604 Dominum

247 631 400 687 levat.

323 700 388 754 Ν.
421 698 474 754 8.
505 695 646 766 Ergo
673 705 720 748 et
751 691 849 746 Dei
878 688 1011 743 Ver-

252 771 370 825 bum
419 767 586 822 sonuit
642 773 688 820 et
751 769 1010 832 peractum

253 841 371 896 est?
396 837 662 904 Quomodo
683 834 872 898 omnia,
902 840 1006 888 etc.

324 910 460 966 Ibid.
502 907 700 975 Manet,
722 906 818 961 hoc
846 915 1014 957 trans-

254 983 490 1038 euntibus
517 979 675 1034 sonis.

324 1052 389 1107 N.
439 1050 491 1106 9.
547 1049 742 1103 Videtis
781 1063 894 1117 qua:
934 1055 1008 1100 ta-

253 1140 416 1191 ceam,
441 1139 503 1178 ne
533 1123 640 1188 diu,
669 1125 775 1174 etc.

841 1223 1150 1265 ’I‘BACTA'I‘IJS
1188 1222 1259 1261 IV.

1484 350 1864 412 LECTIONES
1905 349 2316 409 VABIANTES.

3391 350 3533 408 1202

1153 473 1230 530 Id.
1265 473 1430 539 Quale
1474 486 1562 524 cor
1601 472 1723 526 levet
1764 469 1838 522 vi-
1862 466 1917 526 Δ
1942 477 2054 522 cata
2082 465 2328 538 gemenda
2349 503 2365 531 ,
2383 465 2699 537 jejunande.
2776 466 3022 539 gemendo
3045 505 3060 532 ,
3092 463 3405 536 paniten'do,
3443 481 3534 535 je-

1082 545 1218 606 deat.
1246 554 1292 598 et
1315 559 1414 614 quo
1441 544 1600 607 levet;
1621 541 1743 611 quia
1764 540 1831 594 ad

1083 616 1361 671 Dominum
1383 614 1530 670 levat.

1156 686 1234 742 Id.
1273 686 1413 757 Ergo
1451 687 1497 739 si
1534 695 1583 741 et
1618 683 1838 738 Verbum

1083 757 1184 812 Dei
1237 759 1445 821 sonuit,
1477 766 1526 812 et
1575 765 1839 824 peractum

1083 837 1186 894 est,
1217 829 1472 900 quomodo
1496 829 1698 900 omnia,
1731 837 1834 882 etc.

1152 898 1238 955 Id.
1272 899 1480 954 Manent
1527 898 1637 955 haec
1673 909 1841 954 trans-

1082 974 1314 1028 euntibus
1342 971 1500 1026 sonis.

1154 1044 1228 1097 Id.
1247 1039 1544 1111 Jubetisque
1556 1050 1611 1096 ut
1625 1051 1840 1110 taceam,

1081 1130 1145 1170 ne
1165 1113 1278 1180 diu,
1305 1120 1408 1170 etc.

329 1309 552 1378 Legitur
581 1307 636 1362 in
667 1304 803 1361 Bibl.
831 1302 1018 1365 Laur.,
1050 1301 1186 1370 plut.
1226 1315 1367 1369 xxx,
1397 1297 1600 1366 sinist.,
1626 1297 1748 1355 eod.
1781 1299 1843 1364 I,

256 1401 352 1458 fol.
384 1402 476 1468 97,
505 1417 535 1456 a
567 1418 623 1457 n.
656 1399 725 1455 I0
746 1412 915 1468 usque
945 1395 1012 1450 ad
1035 1395 1216 1451 linem.

331 1497 476 1552 Edit.
515 1495 577 1550 N.
611 1494 701 1549 10.
740 1491 1017 1546 Peccatum

258 1570 460 1623 mundi.
493 1567 615 1622 Jam
641 1563 905 1620 intendite.

1137 1488 1294 1546 .Cod.
1360 1489 1576 1545 Peccata
1645 1488 1846 1543 mundi.

1097 1559 1247 1616 Unde
1275 1563 1382 1622 iam
1425 1562 1695 1615 intendite.
1721 1559 1844 1612 Vid.

1091 1646 1205 1687 var.
1243 1633 1410 1688 Maur.
1445 1632 1621 1687 Codex
1667 1639 1849 1685 noster

264 1709 428 1765 habet
447 1723 664 1780 semper
695 1712 901 1778 peccata
943 1718 1041 1774 pro
1069 1713 1352 1773 peccatum,
1376 1703 1519 1774 quod
1548 1703 1774 1759 habetur
1795 1702 1851 1757 in

261 1780 398 1837 edit.

335 1850 465 1907 Ibid.
489 1849 595 1906 Sed
614 1851 726 1920 quis
741 1845 1022 1904 innocens!

261 1922 782 1994 quantum_innocens
796 1921 821 1994 ξ

274 1991 282 1994 ⁷
339 1993 469 2048 Ibid.
499 1992 688 2048 Omnes
714 2007 777 2047 etc
798 1991 890 2053 illa
911 1999 1020 2044 trn-

264 2065 413 2118 duce.

305 2080 413 2121 περ.

338 2135 473 2192 Ibid.
541 2134 759 2190 Carnem

264 2209 503 2276 sumpsit.
886 2275 891 2276 γ
989 2261 992 2264 .

338 2275 402 2333 N.
456 2278 543 2341 11.
593 2278 722 2333 Cum
761 2279 828 2332 sit
873 2275 1024 2330 homo

262 2349 374 2420 ipse
400 2349 829 2421 plenus_peccato.

339 2417 409 2475 Ν.
434 2422 521 2476 12.
564 2417 804 2475 Intendat
848 2417 1019 2473 modi-

264 2506 384 2546 cum
413 2491 633 2546 charitas
658 2501 839 2545 uestra.

339 2561 527 2646 N1“.
565 2563 633 2617 Ut
659 2564 780 2634 quia
805 2561 893 2616 ille
929 2576 1020 2615 su-

508 2649 901 2786 Qetril'sénostrum
932 2719 1026 2772 ρο.

265 2783 445 2848 testes;
462 2777 638 2848 aliqua
660 2787 801 2848 parte
825 2791 1024 2844 compa-

265 2847 380 2901 rari
407 2845 646 2901 Christo?

346 2916 477 2988 Ibid.
509 2917 590 2972 Ne
620 2919 799 2972 melior
841 2916 1026 2988 baptis-

271 3001 386 3041 mus
413 2985 632 3042 Joannis
655 2985 929 3042 uideretur.

342 3058 406 3113 N.
439 3058 525 3113 16.
558 3059 618 3115 Si
645 3061 777 3114 enim
805 3075 906 3111 non
939 3073 1029 3111 no-

269 3139 410 3201 uerat
452 3146 564 3184 eum
604 3147 638 3184 a
686 3146 784 3201 quo
832 3129 1028 3183 volebat

270 3198 542 3270 baptizari.

346 3271 479 3326 Ibid.
498 3270 557 3328 Si
579 3273 695 3343 jam
716 3270 1030 3341 baptizatum

273 3343 526 3414 coqnovit.

825 2142 1022 2190 tantum

1163 1845 1239 1900 Id.
1287 1845 1391 1902 Sed
1437 1847 1549 1915 quis
1577 1846 1838 1913 innocens,

1091 1927 1182 1972 aut
1203 1931 1444 1984 quantum
1471 1919 1714 1972 innocens
1727 1917 1752 1969 .9

1167 1989 1243 2042 Id.
1291 1989 1477 2044 Omnes
1517 2005 1582 2044 ea:
1626 1987 1720 2042 illa
1762 2003 1850 2042 ra-

1094 2060 1224 2114 dice.

1131 2076 1224 2114 ιεθ.

1167 2131 1240 2185 Id.
1271 2129 1488 2186 Carnem
1525 2140 1726 2186 tantum
1761 2144 1848 2185 as-

1093 2203 1326 2273 sumpsit.

1128 2273 1238 2336 ,ld.
1293 2273 1420 2328 Cum
1459 2275 1524 2328 sit
1575 2273 1665 2330 ille
1701 2274 1850 2328 homo

1096 2346 1272 2415 plenus
1293 2354 1517 2416 peccato.

1134 2472 1142 2480 ,
1169 2416 1246 2471 Id.
1279 2415 1527 2471 lntsndat
1554 2416 1706 2474 modo
1727 2415 1852 2470 cha-

1094 2489 1218 2542 ritas
1243 2499 1425 2543 vestra.

1169 2560 1244 2613 Id.
1273 2558 1340 2614 Ut
1363 2560 1502 2632 quod
1524 2561 1612 2617 ille
1634 2560 1854 2631 suscepit

1094 2647 1128 2685 a
1154 2647 1316 2686 servo.

1167 2701 1245 2756 Id.
1287 2703 1412 2769 Quis
1439 2713 1663 2758 oestrum
1691 2711 1858 2774 potest

1094 2774 1333 2838 exaltari,
1348 2785 1434 2827 aut
1447 2791 1512 2829 etc
1529 2776 1700 2842 aliqua
1713 2785 1857 2845 parte

1098 2846 1386 2902 conmarari
1415 2845 1616 2901 Christo
1629 2846 1654 2898 ?

1166 2914 1267 2998 Μ..
1307 2914 1607 2998 Νεοπιαλον
1658 2916 1856 2998 baptis-

1100 3003 1213 3040 mus
1232 2984 1452 3039 Joannis
1475 2984 1752 3041 uideretur.

1176 3057 1252 3110 Id.
1275 3055 1336 3110 Si
1363 3059 1499 3110 enim
1525 3073 1627 3110 non
1653 3065 1858 3109 noverat

1101 3143 1217 3209 eum
1268 3143 1300 3180 a
1345 3143 1445 3196 quo
1486 3126 1646 3181 voluit
1694 3127 1862 3197 bapti-

1100 3213 1210 3253 zart
1218 3235 1232 3250 ο

1177 3243 1251 3323 Id.
1304 3267 1365 3324 ss
1394 3269 1510 3340 jam
1548 3266 1862 3338 baptizatum
1889 3267 1936 3331 θ
1966 3243 2196 3340 Dami-

1107 3339 1381 3396 Doniinum
1409 3341 1660 3408 cognovit.

841 3472 1154 3514 TBACTATUS
1196 3473 1226 3511 ι
1237 3473 1294 3511 ΙΙ.

351 3550 571 3621 Legitur
591 3551 644 3607 in
675 3551 811 3606 Bibl.
842 3550 1036 3621 Mugel.
1067 3549 1190 3604 cod.
1220 3563 1306 3604 xvr
1333 3589 1349 3616 ,
1385 3547 1478 3602 fol.
1511 3547 1600 3615 57,
1637 3561 1667 3602 a
1698 3563 1755 3603 n.
1799 3545 1862 3605 II

277 3659 468 3704 versus
500 3645 656 3701 finem
683 3661 852 3716 usque
878 3645 944 3700 ad
967 3644 1237 3700 sermonis
1269 3642 1584 3700 terminum.

353 3737 495 3793 Edit.
538 3737 602 3792 N.
643 3738 731 3796 II.
781 3737 1037 3792 Exaltauit

277 3819 563 3879 serpentem
597 3809 653 3864 in
695 3825 862 3864 eremo
887 3851 902 3874 ,
964 3809 1037 3862 ita

349 3950 485 4007 Ibid.
518 3950 624 4005 Hic
665 3960 832 4006 autem
877 3953 948 4004 ait
985 3961 1040 4005 ut

279 4015 500 4076 habeant
528 4024 680 4076 vitam
701 4032 964 4077 wternam.

352 4093 416 4148 Ν.
433 4092 517 4165 12.
535 4092 735 4148 Sanare
746 4095 874 4148 venit
890 4110 1046 4165 tegroo

277 4170 410 4221 tum.
443 4162 563 4233 Ipse
583 4182 662 4229 se,
690 4174 794 4220 elc.

359 4234 490 4289 Ibid.
512 4235 649 4302 Quid
671 4236 929 4290 dicturum
940 4250 1046 4302 spe-

283 4321 372 4361 ras
410 4305 532 4370 nisi,
568 4307 874 4376 judicatur?
897 4305 1041 4373 lam,

282 4377 472 4447 inquit,
491 4377 758 4447 judicatus
783 4388 877 4431 est.

362 4516 684 4601 Ibid..Novit
707 4519 842 4601 enim
871 4517 1050 4601 Domi-

288 4606 391 4721 aus
433 4591 520 4658 qui
562 4596 684 4645 sunt
712 4591 858 4661 ejus;
889 4591 1045 4654 novit,

345 4677 394 4718 θ.

366 4803 500 4860 Ibid.
538 4801 712 4872 Quare
732 4803 1004 4873 judicatus
1026 4806 1052 4859 ?

298 4876 422 4949 quia
450 4891 554 4931 non
583 4874 826 4932 credidit.

365 5018 429 5074 N.
481 5014 564 5071 15.
623 5014 888 5082 Quomodo
937 5017 1053 5085 qui-

297 5090 418 5145 dam
439 5103 568 5170 opus
592 5087 786 5170 bonum
801 5090 1051 5158 fecerunt,

295 5170 352 5217 ut
378 5167 619 5214 venirent.

368 5230 499 5285 Ibid.
515 5229 621 5284 Eos
637 5238 783 5285 sanat
797 5230 886 5300 qui
900 5230 1056 5287 marsi

297 5303 519 5374 fuerant-

363 5369 600 5458 Ibid.
633 5380 699 5458 et‘
707 5382 761 5425 tu
803 5387 1014 5429 accusas
1035 5414 1053 5442 ,

301 5443 626 5525 coniungeris
657 5441 782 5496 Deo.

371 5513 509 5571 Ibid.
542 5511 662 5568 Non
692 5521 740 5568 te
764 5515 967 5571 adulas.

374 5725 436 5808 Ν.
495 5724 596 5808 14..
642 5724 905 5808 Paulatim
968 5747 1057 5800 per

307 5806 551 5852 sentinam
580 5806 756 5851 intrat.

379 5865 512 5926 Ibid.
560 5865 646 5925 Ne
688 5867 905 5925 obruant
941 5886 1058 5942 pec-

1184 3734 1318 3789 Cod.
1359 3732 1619 3788 Exaltavit
1658 3748 1869 3804 serpen-

1115 3814 1212 3860 tem
1237 3807 1292 3860 in
1321 3807 1542 3872 deserto,
1571 3806 1644 3860 sic
1664 3815 1771 3860 etc.

1188 3947 1263 4003 Id.
1297 3947 1368 4002 Hi
1389 3957 1557 4002 autem
1581 3957 1632 4000 ut
1653 3945 1873 4002 habeant

1113 4019 1267 4072 vitam
1288 4029 1548 4075 wternam.

1188 4090 1264 4144 Id.
1311 4089 1512 4146 Sonare
1543 4091 1677 4145 venit
1706 4104 1876 4160 (egro-

1116 4169 1242 4215 tunt.
1268 4161 1372 4217 Sed
1395 4163 1502 4227 ipse
1524 4178 1596 4227 se,
1628 4169 1732 4215 etc.

1189 4233 1264 4286 Id.
1294 4232 1432 4298 Quid
1467 4233 1721 4286 dicturum
1761 4247 1878 4298 spe-

1116 4320 1222 4368 ras,
1252 4305 1370 4367 nisi,
1387 4303 1687 4374 judicetur?
1713 4302 1879 4374 Addi-

1119 4384 1264 4428 turus
1313 4373 1452 4439 erat;
1485 4376 1632 4446 jam,
1673 4373 1877 4443 inquit,

1120 4447 1378 4515 judicatus
1403 4455 1495 4500 est.

1192 4516 1268 4570 Id.
1317 4515 1473 4569 Novit
1523 4518 1654 4570 enim
1706 4513 1883 4567 Domi-

1121 4601 1216 4640 nus
1244 4587 1332 4655 qui
1363 4595 1481 4640 sunt
1500 4588 1632 4657 ejus,
1663 4600 1788 4655 quos
1814 4584 1881 4635 ad

1842 1243 1846 1252 '
1947 1235 2182 1290 conditus
2211 1242 2307 1299 est,
2337 1242 2440 1288 etc.

1799 3393 1803 3404 ί
1853 3399 1860 3408 ·
1968 3397 2085 3440 ante
2128 3384 2374 3449 laudavit,
2408 3394 2454 3438 et
2483 3386 2536 3437 in
2581 3384 2724 3439 nobis

2763 538 3024 606 junando.

2846 609 2921 663 Id.
2953 606 3019 661 In
3047 607 3198 664 rebus
3231 606 3528 678 prosperis,

2770 697 2832 736 ne
2851 689 2899 734 te
2924 680 3146 737 extollat.

2506 786 2821 828 τιιΑθτΑτυε
2859 786 2968 826 XVI.

2012 609 2146 664 Ibid.
2179 607 2244 664 In
2272 609 2418 664 rebus
2440 608 2701 680 prosperis

1943 697 2006 736 ne
2035 681 2270 739 extollat.

2018 867 2231 936 Legitur
2257 867 2310 922 in
2336 866 2474 922 Bibl.
2499 866 2664 922 Laur.
2692 866 2827 936 plut.
2861 881 2997 932 xvn,
3020 878 3142 921 coa.
3169 880 3259 932 XL,
3285 864 3377 921 fol.
3403 864 3529 932 121,

1945 967 1998 1014 et
2025 959 2160 1028 plut.
2195 973 2353 1026 xvut,
2398 957 2519 1012 cod.
2569 972 2693 1011 utv
2715 1001 2731 1026 ,
2781 956 2877 1010 Iol.
2907 957 3011 1013 159
3041 956 3096 1024 b,
3124 971 3156 1012 a
3187 972 3243 1011 n.
3276 957 3310 1011 5
3341 971 3530 1014 versus

1947 1049 2179 1104 medium
2216 1063 2383 1118 usque
2428 1048 2493 1102 ad
2535 1048 2697 1103 ﬁnem
2737 1046 2915 1116 quoad
2951 1047 3072 1104 cod.
3105 1064 3202 1114 XL;
3235 1049 3355 1104 cod.
3386 1049 3532 1103 enim

1947 1154 2075 1195 xxiv
2095 1139 2373 1195 concludit
2399 1148 2524 1195 ante
2551 1139 2667 1195 huic
2711 1140 2873 1196 verba
2897 1154 3046 1197 num.
3070 1142 3102 1195 7
3126 1179 3144 1208 ,
3181 1139 3252 1196 1n
3279 1140 3375 1195 illa
3400 1142 3536 1196 enim

2847 1324 2985 1380 Cod.
3014 1342 3102 1381 χι.
3135 1325 3236 1381 Cor
3264 1325 3538 1396 diffidentis

2779 1410 2880 1451 non
2908 1397 3149 1452 vidimus.

2850 1466 2929 1520 Id.
2982 1467 3049 1521 Et
3088 1469 3277 1523 invenit
3323 1482 3436 1522 eum
3473 1483 3538 1522 ea

2783 1537 2910 1604 liora
2937 1550 3194 1594 sanatum.

2857 1608 2933 1680 Id.
2967 1608 3035 1663 Et
3063 1615 3244 1665 domus
3269 1613 3382 1680 ejus
3412 1618 3540 1663 tota.

2784 1678 2866 1733 Ad
2909 1681 3074 1736 solum
3097 1684 3208 1755 ejus
3233 1678 3539 1750 sermonem,

2783 1760 2891 1806 θιθ.

2855 1822 2934 1877 Id.
3009 1822 3355 1888 Prodicium;
3419 1821 3544 1877 cod.

2787 1907 2919 1950 xxrv
2938 1965 2954 1968 _
2968 1895 3357 1968 _porrodigium.
3419 1892 3542 1950 Vid.

2785 1979 2900 2020 var.
2938 1965 3104 2021 Maur.

2854 2036 2986 2091 Cod.
3006 2054 3096 2092 XL.
3121 2036 3240 2091 Nisi
3257 2035 3543 2091 secundum

2781 2122 2986 2233 gentem
3007 2124 3164 2180 quam
3187 2107 3379 2177 accepit
3398 2123 3430 2160 a
3448 2121 3544 2162 no-

2813 2195 2875 2233 ts.

2813 2195 2875 2234 18.

2852 2251 3024 2307 Codd.
3069 2251 3228 2307 ambo
3241 2290 3259 2318 ,
3313 2247 3545 2320 Denique

2781 2321 2862 2384 illi
2913 2321 3146 2378 viderunt
3196 2320 3542 2374 ambulantem

2793 2393 3078 2448 Dominum-
3125 2392 3305 2447 Iesum
3354 2391 3546 2461 facien-

2787 2473 2984 2534 tentque
3031 2466 3354 2529 miracula..;
3402 2462 3558 2518 uide-l

2022 1325 2160 1379 Edit.
2210 1323 2273 1378 N.
2319 1323 2373 1376 5.
2426 1322 2524 1378 Cor
2573 1323 2710 1394 difﬁ-

1949 1397 2115 1451 dentis
2141 1412 2241 1449 non
2261 1395 2512 1448 uidemus.

2021 1467 2153 1521 Ibid.
2178 1465 2247 1520 Et
2285 1467 2471 1520 invenit
2495 1481 2558 1521 ea
2581 1465 2711 1521 hora

1950 1551 2210 1594 sanatum.

2025 1609 2154 1664 Ibid.
2175 1607 2245 1662 Et
2265 1607 2447 1662 domus
2475 1608 2608 1676 ejus.
2629 1609 2712 1662 Ad

1951 1683 2114 1738 solum
2133 1694 2438 1746 sermonem,
2471 1689 2577 1736 etc.

2027 1823 2159 1880 Ibid.
2239 1822 2568 1892 Appellatum
2638 1831 2712 1877 est

1948 1897 2094 1968 quasi
2133 1893 2497 1964 porrodiciunt.

2022 2037 2155 2092 Ibid.
2235 2035 2357 2091 Nisi
2428 2035 2711 2090 secundum

1951 2125 2155 2164 carnem
2204 2123 2359 2179 quam
2410 2107 2602 2177 accepit
2654 2108 2710 2162 in

1949 2188 2106 2236 terra.

2023 2251 2154 2305 Ibid.
2176 2248 2405 2319 Denique
2432 2248 2511 2302 illi
2539 2249 2711 2319 ambu-

1955 2321 2141 2377 lantem
2199 2318 2479 2374 Dominum
2529 2318 2709 2375 Iesum

1952 2393 2008 2447 in
2043 2403 2178 2446 terra
2212 2393 2578 2462 facientemque
2611 2394 2713 2446 mi-

1953 2465 2245 2520 racula.....
2275 2463 2531 2529 uiderunt,
2547 2471 2594 2515 et
2607 2464 2712 2532 vix,

1956 2544 2060 2591 etc.
2786 2545 2906 2590 runt
2934 2545 2981 2588 et
3009 2538 3114 2595 vix.
3141 2545 3247 2592 etc.

2035 2607 2164 2661 Ibid.
2193 2605 2321 2659 Tant
2366 2606 2513 2659 multi
2553 2605 2720 2658 credi-
2861 2607 2992 2662 Cod.
3036 2623 3186 2662 xxiv.
3234 2605 3355 2659 Jam
3397 2603 3548 2657 multi

1959 2677 2151 2742 dimus,
2174 2692 2286 2747 qua:
2311 2677 2459 2748 signa
2475 2676 2715 2731 uidimus.
2791 2677 3132 2744 credidimus,
3161 2680 3222 2731 de
3247 2675 3405 2748 signis
3444 2689 3550 2728 non

2791 2748 3071 2826 satagimus
3241 2747 3403 2826 signis
3443 2759 3563 2826 nonl

1959 2819 2320 2888 conquerimur
2343 2835 2361 2884 ;
2408 2828 2499 2872 aut
2540 2833 2655 2888 quat
2683 2819 2832 2886 signa
2864 2817 3084 2873 vidimus
3104 2820 3127 2870 ?
3151 2819 3216 2872 Et
3241 2817 3432 2872 deinde
3458 2817 3563 2878 su-f

1960 2887 2094 2956 bito,
2123 2891 2334 2962 caeteris
2361 2887 2596 2954 omissis,
2628 2887 2909 2962 Euangelio
2935 2889 3264 2962 credidimus,
3288 2896 3401 2962 etc.

2035 2962 2163 3016 Ibid.
2207 2960 2370 3032 Nulla
2395 2962 2544 3032 signa
2587 2961 2721 3015 vidi-
2776 2957 2796 2962 ⁷
2863 2960 3034 3014 Codd.
3068 2961 3245 3022 ambo,
3277 2957 3549 3032 Nullam-

1961 3048 2097 3100 mus,
2130 3031 2279 3086 nulla
2308 3027 2581 3102 exigimus.
2793 3035 2963 3087 dimus
3001 3032 3182 3101 signa,
3205 3029 3349 3084 nulla
3389 3027 3565 3099 exigi-'

2801 3119 2914 3158 mus
2943 3104 3211 3156 miracula.

2871 3174 3004 3244 Cod.
3037 3190 3123 3227 XL.
3151 3173 3228 3227 De
3251 3187 3431 3244 genere
3454 3169 3556 3224 sci-

2794 3244 2912 3298 licet
2944 3243 3169 3295 Domini.

2866 3314 3037 3367 Coiid.
3076 3313 3252 3368 ambo.
3311 3312 3375 3364 Et
3419 3309 3557 3378 quod

2795 3384 3049 3438 Dominus
3079 3393 3196 3437 ante
3224 3382 3470 3440 laudauit,
3499 3380 3560 3434 iis

2797 3455 2941 3511 nobis
2961 3456 3171 3524 implere
3195 3455 3435 3525 dignatus
3456 3457 3556 3505 est.

2871 3523 3041 3580 Codd.
3086 3523 3267 3591 ambo,
3315 3523 3424 3591 Ego
3473 3535 3558 3575 ue-

2801 3597 2943 3652 niam
2968 3605 3018 3649 et
3047 3598 3234 3650 curabo
3263 3611 3396 3650 eum.
3431 3591 3555 3648 V'id.

2805 3683 2916 3723 var.
2949 3668 3114 3722 Maur.

2875 3740 3008 3794 Cod.
3039 3754 3180 3793 xxiv.
3216 3736 3367 3802 Quod
3414 3735 3560 3788 dixe-

2804 3820 2885 3865 rat
2909 3811 3027 3863 huic
3046 3809 3220 3880 rcgulo
3238 3807 3430 3880 :Yade,
3452 3815 3559 3859 etc.

2873 3881 3040 3936 Codd.
3055 3877 3232 3934 ambo.
3253 3877 3316 3932 Et
3337 3877 3422 3930 ubi
3443 3883 3564 3930 sunt

2803 3953 2926 4008 isti?
2951 3949 3017 4005 In
3046 3951 3238 4019 requie.

2877 4023 3009 4077 Cod.
3036 4015 3124 4076 ιι..
3154 4019 3220 4076 Ut
3259 4020 3312 4072 in
3342 4015 3562 4072 Abrahte

2808 4095 2977 4148 sinum
2990 4095 3166 4158 justus
3186 4091 3296 4158 ille,
3314 4099 3400 4144 etc
3437 4087 3562 4142 Vid.

2809 4181 2929 4221 var.
2958 4179 3122 4218 MBIII'.

2879 4233 3048 4290 Codd.
3062 4233 3240 4293 ambo.
3257 4231 3393 4297 Quia
3414 4228 3569 4282 mults

2808 4309 2872 4362 ab
2902 4308 3092 4361 oriente
3128 4315 3176 4359 et
3205 4303 3460 4358 occidente
3482 4315 3567 4354 ve-

2034 3173 2096 3228 N.
2126 3174 2185 3228 4.
2218 3170 2299 3226 De
2342 3183 2490 3242 gente
2531 3174 2728 3228 scilicet

2038 3315 2170 3369 Ibid.
2204 3312 2272 3367 Et
2307 3314 2448 3385 quod
2470 3313 2724 3385 Dominus

1969 3456 2180 3524 implere
2207 3457 2453 3524 dignatus
2483 3464 2577 3510 est.

2094 3569 2107 3582 .
2141 3528 2194 3582 5.
2239 3525 2352 3598 Ego
2391 3527 2540 3582 uenio
2565 3535 2611 3582 et
2638 3542 2728 3580 cu-

1972 3600 2094 3654 rabo
2119 3614 2256 3654 eum.

2047 3740 2181 3796 Ibid.
2237 3739 2386 3806 Quod
2434 3741 2565 3794 dixit
2609 3738 2730 3793 huic

1975 3813 2175 3884 regulo:
2211 3809 2379 3878 Vade,
2410 3819 2512 3866 etc.

2051 3883 2182 3938 Ibid.
2227 3882 2296 3936 Et
2351 3883 2434 3936 ubi
2488 3879 2616 3936 isti?
2661 3879 2730 3937 In

1977 3969 2167 4025 requie.

2053 4023 2184 4080 Ibid.
2224 4022 2291 4078 Ut
2326 4024 2378 4076 in
2409 4022 2626 4078 Abrahae
2664 4023 2734 4076 si-

1980 4113 2105 4151 num
2123 4097 2334 4167 adjutus
2353 4093 2461 4161 ille,
2485 4105 2589 4150 etc.

2054 4237 2116 4292 Ν.
2172 4235 2224 4288 6.
2285 4236 2418 4302 Quia
2470 4236 2619 4290 mttlti
2673 4235 2736 4290 ab

1984 4309 2174 4364 oriente
2201 4319 2246 4362 et
2279 4310 2553 4363 occidente.

2057 4451 2190 4507 Ibid.
2226 4449 2365 4505 Doce
2401 4450 2523 4521 quia
2565 4450 2739 4520 prteci-
2810 4388 2979 4504 mel'i'd:
3014 4447 3181 4503 Doceo
3209 4457 3276 4514 te,
3297 4445 3417 4518 quia
3441 4463 3572 4516 prato

1987 4520 2187 4578 dentur.
2416 4520 2421 4521 ί
2811 4522 3058 4577 cidentur.

2059 4593 2123 4649 Ν.
2172 4595 2224 4646 7.

2287 4593 2511 4660 Quidam
2565 4591 2736 4655 homo,
2883 4591 3013 4646 Cod.
3051 4607 3140 4645 ιι..
3195 4590 3333 4653 Quid
3379 4588 3572 4645 homo?

1122 4659 1279 4710 vitam
1327 4657 1688 4721 prteordinauit
1735 4665 1852 4708 teter

1991 4666 2235 4720 mediator
2269 4657 2358 4716 Dei
2401 4672 2446 4716 tt
2477 4662 2742 4716 hominum
2812 4663 3061 4716 mediator
3087 4660 3181 4713 Dei
3203 4669 3250 4714 et
3278 4660 3565 4714 hominum.

1123 4744 1271 4794 nam;
1297 4729 1452 4792 novit,
1477 4738 1584 4781 etc.

1197 4798 1274 4852 Id.
1301 4799 1468 4865 Quare
1480 4798 1740 4866 judicatus
1764 4798 1880 4851 est?

1131 4871 1266 4936 Quia
1290 4886 1391 4923 non
1420 4865 1598 4926 credit.
1625 4865 1747 4924 Vid.
1764 4882 1878 4924 var.

1129 4943 1296 4998 Maur.

1200 5013 1274 5067 Id.
1345 5009 1610 5075 Quomodo
1671 5011 1880 5080 quidam

1127 5085 1316 5139 bonunt
1337 5099 1462 5154 opus
1488 5085 1713 5153 fecerunt
1740 5091 1786 5136 et
1807 5098 1882 5138 vc-

1126 5163 1327 5212 nerunt.

1199 5227 1275 5281 Id.
1307 5223 1502 5296 /Egros
1547 5225 1760 5280 sanabat
1797 5222 1885 5292 qui

1126 5297 1285 5354 marsi
1313 5299 1535 5367 fuerant.

1200 5369 1274 5424 Id.
1334 5368 1396 5423 Si
1443 5379 1489 5424 et
1539 5377 1595 5421 tu
1639 5381 1882 5432 accuses,

1130 5441 1454 5510 conjungeris
1481 5438 1609 5492 Deo.

1207 5508 1283 5566 Id.
1329 5508 1453 5564 Non
1494 5511 1584 5562 tibi
1631 5508 1880 5562 adulur-is.

1132 5585 1224 5642 Sic
1248 5590 1303 5637 et
1341 5590 1550 5637 veteres
1579 5579 1732 5636 editi.
1762 5577 1880 5633 Vid.

1129 5670 1244 5712 var.
1278 5653 1446 5708 Maur.

1204 5726 1278 5782 Id.
1312 5723 1571 5777 Paulatim
1592 5723 1777 5793 fluctus
1797 5735 1887 5790 per

1129 5798 1380 5856 sentinam
1406 5795 1583 5848 intrat.

1200 5869 1281 5927 td.
1309 5865 1392 5925 Ne
1417 5866 1634 5923 obruant
1675 5871 1884 5937 peccata

1984 4736 2167 4798 homo,
2207 4743 2367 4786 mater
2412 4731 2541 4787 Sion
2588 4732 2734 4784 dicit.
2813 4732 3019 4799 Homo,
3045 4738 3204 4783 mater
3235 4728 3362 4786 Sion
3399 4730 3574 4786 dicet!

1988 4807 2176 4875 Quare,
2205 4814 2309 4860 etc.
2817 4802 3004 4869 Quare,
3029 4810 3136 4856 etc.

2344 4916 2655 4961 TRACTA'I‘US
2683 4917 2790 4958 ινιι
2807 4944 2824 4972 ,
2855 4917 2983 4958 ινιιι
3009 4916 3076 4956 ET
3102 4916 3215 4956 XIX.

2056 5020 2274 5093 Legitur
2301 5033 2484 5075 eorum
2527 5032 2648 5087 pars
2677 5019 2732 5073 in
2776 5018 2912 5072 Bibl.
2953 5018 3234 5082 Laurent.,
3266 5018 3398 5087 plut.
3427 5033 3572 5089 xm,

1988 5117 2108 5172 cod.
2142 5131 2242 5180 χι..
2275 5114 2369 5169 Iol.
2405 5111 2541 5177 209,
2575 5121 2631 5168 et
2669 5113 2722 5166 in
2769 5111 2906 5170 Bibl.
2941 5110 3133 5178 IEdiI.,
3176 5110 3301 5167 cod.
3327 5128 3428 5169 est.
3473 5112 3568 5168 fol.

1992 5207 2093 5263 185
2118 5208 2169 5262 b.
2201 5205 2465 5276 Incipiunt
2496 5219 2682 5261 versus
2709 5204 2918 5260 initium
2947 5221 3004 5261 n.
3037 5204 3124 5272 15,
3164 5214 3317 5261 tract.
3355 5223 3484 5275 xm,
3519 5217 3574 5262 et

1989 5301 2303 5373 quibusdam
2332 5299 2619 5368 assumptis
2640 5314 2708 5355 ex
2737 5315 2792 5353 ιι.
2815 5297 2870 5363 5,
2897 5297 3082 5354 Tract.
3107 5313 3232 5353 xvnt
3250 5339 3265 5363 ,
3295 5306 3576 5353 transeunt

1989 5395 2056 5451 ad
2087 5411 2141 5449 n.
2173 5394 2227 5459 8,
2259 5403 2588 5463 perguntque
2620 5407 2788 5463 usque
2811 5391 2879 5447 ad
2911 5393 3092 5447 linem.
3127 5391 3340 5460 Legitur
3372 5391 3579 5459 pariter

1990 5489 2042 5544 in
2084 5486 2318 5558 quinque
2344 5485 2460 5539 aliis
2501 5485 2684 5550 codd.,
2726 5500 2918 5554 nempe
2946 5484 3082 5539 Bibl.
3125 5482 3403 5549 Laurent.,
3440 5484 3576 5552 plut.

1995 5595 2149 5645 xvm,
2181 5578 2302 5634 cod.
2351 5591 2469 5640 xu,
2513 5576 2602 5630 fol.
2635 5577 2729 5632 I9I
2759 5594 2773 5643 ;
2807 5577 2938 5647 plut.
2969 5590 3089 5638 ut,
3117 5575 3240 5629 cod.
3265 5590 3319 5639 χ,
3350 5572 3445 5626 fol.
3476 5573 3578 5628 I67

1994 5673 2054 5739 b;
2108 5670 2239 5742 plut.
2267 5685 2370 5724 xxx
2403 5669 2602 5734 sinisL,
2629 5669 2750 5723 cod.
2787 5667 2850 5732 1,
2888 5667 2982 5722 fol.
3011 5665 3150 5732 250;
3187 5665 3322 5721 Bibl.
3369 5664 3535 5720 Edil.
3561 5705 3578 5732 ,

1993 5768 2112 5824 cod.
2153 5781 2440 5831 cxxxvnt,
2463 5763 2558 5821 fol.
2596 5764 2696 5820 211
2728 5763 2788 5827 b;
2820 5771 2874 5817 et
2911 5761 3068 5825 ibid.,
3099 5759 3222 5816 cod.
3265 5775 3442 5824 cuti,
3482 5759 3579 5815 fol.

1995 5861 2181 5930 155b,-
2209 5859 2305 5925 sed
2332 5859 2406 5918 ita
2433 5867 2494 5918 ut
2538 5857 2630 5917 alii
2669 5855 2940 5928 longiores
2978 5854 3116 5922 sint,
3145 5853 3238 5913 alii
3281 5853 3580 5913 breviores.
