2009 3246
252 135 319 162 19.οό

714 133 890 162 VARIORUM
910 133 1160 164 UPUSCULORUM
1181 135 1211 163 S.
1232 133 1415 162 AUGUSTINI

251 189 335 219 Codd.
349 200 407 225 xu,
422 195 449 220 et
467 198 585 220 cxnvm
605 190 765 225 principium
780 195 890 218 sumunt
905 198 999 219 versus
1015 191 1046 218 Ii-
1058 192 1087 223 Α
1134 189 1199 217 Ibid.
1214 189 1264 223 Qui
1276 193 1313 215 est
1325 189 1365 217 illi
1374 189 1475 223 sapien-

251 246 312 267 aem
321 246 348 266 n.
362 237 406 272 15,
418 243 456 271 οι.
468 237 569 267 omisso
583 240 660 264 tract.
674 245 751 269 svnt.
761 242 900 266 transeunt
910 238 943 266 ad
951 243 1045 267 tracta-

250 288 308 313 tum
322 294 369 313 ιιι
380 307 388 319 ,
403 285 474 313 unde
494 273 554 312 sese
567 283 714 311 extendunt.
726 291 810 319 usque
824 285 857 312 ad
871 293 897 312 n.
911 285 955 312 I9.
968 286 1044 319 Qua:-

1133 273 1163 287 Π.
1182 273 1225 288 "ll.
1256 273 1359 286 Ληιιιῑιιε
1388 273 1418 294 θρ

1100 301 1158 329 stat,
1171 301 1193 323 et
1207 295 1302 331 gaudio
1315 294 1420 331 gaudet.

252 330 314 358 dam
328 330 407 358 etiam
424 330 523 365 passim
535 328 668 356 habentur
680 328 708 356 in
719 329 779 357 cod.
792 337 886 364 xxxvx,
900 331 968 366 plut.
979 339 1043 366 xvn,

249 375 300 404 fol.
314 375 372 407 116,
393 376 461 403 Bibl.
477 376 599 403 Florent.

289 421 361 448 Edit.
387 420 476 448 Tract.
507 429 577 456 xm,
603 429 629 448 n.

254 455 299 483 15.
317 456 369 484 Sed
382 457 425 484 aui
441 456 536 483 turbat.

288 491 356 519 Ibid.
382 491 480 519 Tamen
498 494 631 520 sanandus

251 530 291 555 ut
303 528 404 557 turbata
419 536 494 562 aqua.

288 631 321 661 Ν.
338 632 381 660 14.
400 632 493 661 Verum
507 638 543 661 est
565 634 634 669 quod

252 669 376 702 requievit
390 668 459 696 Deus
470 670 502 697 ab
515 668 633 704 operibus

254 704 320 732 suis.

289 739 322 767 N.
345 739 392 767 15.
418 739 555 768 Dominum
580 741 633 768 sal-

259 778 372 801 vatorem
388 779 512 805 nostrum.

291 809 357 839 IbId.
376 810 482 838 Sabbati
495 811 549 839 dies
563 811 634 838 vobis

254 845 290 873 ad
302 845 513 880 signiﬁcationem
522 854 633 881 praecep-

254 883 296 907 ιιω
307 885 354 908 est.

289 915 323 944 Ν.
339 915 382 944 16.
398 915 432 944 Et
445 916 505 943 inde
527 916 631 946 hterssis

254 955 293 979 est
306 950 382 986 pulsa
395 952 429 979 de
440 951 568 980 Ecclesia.

289 1056 356 1085 Ibid.
378 1057 429 1091 Qui
444 1057 550 1085 Patrem
562 1058 631 1089 indi-

254 1092 328 1120 cabat
341 1092 435 1120 Deum.

290 1163 356 1200 Ibid.
372 1163 404 1193 Si
422 1172 449 1200 se
468 1164 523 1200 ipse
543 1172 630 1199 sequo-

253 1197 308 1240 “"3.
318 1199 410 1240 [φεια
426 1197 492 1228 "00'-

289 1234 355 1263 Ibid.
367 1234 432 1263 Esse
441 1235 548 1270 aequalis
562 1234 628 1264 Deo.

290 1304 356 1334 Ibid.
373 1304 425 1334 Sed
438 1310 492 1333 erat
504 1306 532 1333 in
544 1305 593 1336 illa
602 1306 629 1333 in

252 1348 303 1372 qua
326 1346 401 1367 natus
428 1346 490 1368 erat.
516 1341 550 1368 Et
572 1350 628 1374 nos.

252 1380 305 1402 etc.

288 1410 378 1438 Tract.
390 1419 469 1443 xvnt,
481 1420 508 1438 n.
521 1412 565 1439 I0.
579 1412 629 1439 Re-

252 1446 335 1472 dimus
350 1446 414 1480 forte
427 1448 460 1474 ad
475 1455 530 1474 nos.

288 1481 354 1509 Ibid.
369 1482 436 1515 Quid
446 1483 487 1510 itis
512 1482 627 1509 solitudi-

253 1517 293 1543 nis
309 1518 379 1544 vias!
391 1519 481 1545 erratis
499 1519 625 1552 vagando.

290 1552 354 1578 Ibid.
370 1553 473 1580 Dimitte
493 1559 515 1579 et
536 1562 626 1588 corpus

251 1592 337 1620 tuum,
350 1589 405 1615 redi
419 1590 452 1615 ad
468 1597 510 1615 cor
526 1594 606 1615 tuum.

287 1622 320 1649 N.
332 1624 358 1665 HI
427 1624 608 1665 Propinqui/Isti
618 1644 624 1656 ,

250 1658 390 1690 intendisti,
405 1658 544 1694 palpitasti.

289 1694 355 1721 Ibid.
374 1694 404 1721 Si
426 1696 509 1722 curari
525 1696 627 1723 destite-

252 1737 298 1757 ηε.

286 1764 375 1794 Tract.
392 1772 451 1797 xu,
467 1773 495 1792 n.
509 1765 536 1793 I.
559 1764 627 1799 Quid

251 1799 419 1827 demonstrari
432 1798 525 1827 Verbo.
535 1798 628 1828 omnia

251 1835 345 1870 quippe
358 1836 425 1862 dicta
434 1840 493 1862 sunt
506 1835 557 1869 llic;
571 1844 628 1871 qua

250 1871 273 1898 si
288 1871 474 1906 intelligantur,
488 1875 541 1900 etc.

466 1892 474 1904 ,
489 1892 541 1900 νιν·

667 421 768 483 “’Cod.
783 430 809 450 χ.
831 422 885 450 Sed
903 423 971 458 quod
991 427 1047 451 tur-

683 460 719 484 at.

702 491 769 519 Cod.
785 500 837 520 ιιι.
853 492 949 521 Tamen
964 502 1044 522 sanus

666 532 702 555 est
725 530 825 555 turbata
846 537 929 564 aqua;
953 530 1015 558 cod.
1037 537 1047 558 ι

665 567 769 590 sanatus
795 568 850 597 est;
876 564 937 592 cod.
959 573 991 599 ι,
1016 570 1047 593 ιη

669 599 734 626 edit.

704 633 771 661 Cod.
797 641 851 661 xu.
884 634 978 662 Verum
1008 640 1047 663 est

668 671 738 704 quod
768 671 890 705 requievit
916 669 987 698 Deus
1014 672 1046 699 ab

670 705 787 741 omnibus
801 706 921 741 operibus
934 707 997 735 suis.

703 740 789 768 Codd.
803 748 810 767 l
825 745 853 767 et
864 749 890 768 ι.
907 740 1047 769 Dominum

668 779 691 802 et
705 776 858 802 salvatorem
871 780 997 806 nostrum.

703 811 772 839 Cod.
784 819 803 838 ι.
821 811 928 839 Sabbati
942 812 983 840 die
999 821 1045 840 va-

668 854 726 874 care
739 846 808 874 vobis
828 847 863 873 ad
876 847 1045 883 signiﬁcatio-

669 890 726 909 nem
740 886 881 917 prwcepttts
895 887 942 909 est.

703 917 787 945 Codd.
802 924 896 954 or_nnes
903 937 912 949 ,
933 923 1044 954 excepto

666 960 798 985 cxxxvm,
812 952 847 979 Et
868 953 927 980 inde
940 952 1045 981 haeresis

667 988 754 1023 pulsat
796 987 944 1016 Ecclesium.
984 989 1041 1017 Vid.

668 1030 728 1051 var.
744 1023 829 1052 blant.

701 1059 768 1086 Cod.
782 1067 826 1086 ιι..
847 1059 915 1091 Quia
941 1059 1044 1088 Patrem

665 1094 795 1121 indicabat
811 1094 909 1128 Deum;
921 1095 981 1122 cod.
996 1100 1045 1124 let

668 1137 686 1156 ι
694 1150 701 1161 ,
716 1130 813 1157 dicebat
831 1130 922 1157 Deum.

700 1164 765 1193 Cod.
782 1173 815 1192 ιι.
830 1170 857 1193 et
879 1173 932 1193 su.
949 1165 979 1194 Si
993 1167 1043 1193 sei-

665 1208 738 1236 psunt
744 1201 869 1235 tequalem
875 1202 969 1236 faceret
976 1201 1041 1230 Deo.

702 1235 767 1272 Cod.
780 1244 834 1263 xu.
848 1235 910 1264 Esse
919 1246 945 1265 se
956 1245 1043 1272 sequo--

665 1269 715 1298 lem
731 1270 795 1298 Deo.

700 1306 738 1334 Id.
754 1307 807 1334 Sed
825 1311 879 1334 erat
898 1308 925 1334 in
946 1308 992 1335 illa
1013 1308 1041 1334 in

665 1350 715 1402 ira
741 1347 816 1369 natus
847 1348 900 1369 erat
935 1343 1041 1377 aqualis

691 1385 730 1402 eo.
744 1377 779 1402 Et
793 1386 848 1402 nos.
862 1381 915 1402 etc.

691 1385 730 1404 eo.
744 1377 779 1403 Et
793 1386 849 1411 nos,
862 1381 915 1405 etc.

699 1412 765 1440 Cod.
809 1420 851 1440 XL.
893 1413 1040 1441 Redeamus

664 1447 730 1483 forte
740 1448 773 1474 ad
787 1456 843 1475 nos.

698 1483 737 1511 Id.
750 1483 799 1516 Qui
807 1483 884 1511 aditis
893 1483 1039 1511 solitudinis

661 1518 726 1554 vias,
737 1520 827 1554 erratis
840 1520 974 1554 vagando?

662 1588 718 1616 redi
727 1593 752 1616 et
764 1592 797 1616 ad
812 1598 853 1616 cor
867 1588 946 1617 tuum.

700 1624 738 1652 Id.
776 1624 974 1659 I’rupinquasti,
999 1626 1039 1653 in-

662 1660 765 1695 undisti
772 1680 780 1692 ,
797 1661 917 1695 palpasti.

698 1693 736 1722 Id.
752 1695 783 1722 Si
797 1693 881 1722 curari
896 1697 1025 1725 restiterit.

698 1765 764 1792 Cod.
787 1774 841 1794 xu.
863 1766 1039 1794 Demonstrari

663 1800 791 1828 resVerbo
803 1810 853 1828 non
869 1807 948 1836 potest
959 1810 970 1836 ;
984 1811 1040 1830 om-

662 1836 707 1862 nia
719 1837 821 1871 quippe,
839 1842 866 1863 ut
879 1837 976 1864 dictum
991 1843 1038 1871 est,

663 1879 708 1907 per
719 1872 802 1907 ipsum
812 1872 881 1907 facta
892 1878 961 1899 sunt.
977 1873 1040 1900 Ηιτσ

663 1906 686 1933 si
712 1907 769 1941 quis
803 1907 929 1943 intelligat
961 1908 1038 1944 (cod.

253 1940 323 1976 mule
337 1941 379 1968 hic
392 1941 449 1976 quis
469 1939 653 1976 intelligatur),
664 1945 718 1969 etc.

279 1975 353 2017 ’Ibi_d.
364 1975 403 2004 De
411 1975 628 2012 pectoribus’chri-

251 2015 352 2043 sttanis.

286 2081 319 2110 N.
333 2082 359 2110 5.
373 2082 514 2119 Antequam
529 2083 624 2119 faciat,

251 2117 405 2146 demonstrat
418 2117 499 2146 Filio.

285 2153 318 2180 N.
342 2154 369 2180 5.
392 2153 505 2181 Multum
528 2159 628 2189 mouet;

250 2188 340 2215 intenti
353 2193 440 2215 estote.

287 2222 319 2250 N.
335 2224 363 2251 6.
388 2224 438 2256 Qui
460 2224 527 2250 enirn
554 2224 627 2251 aliud

251 2257 297 2284 tibi
309 2258 407 2285 videtur
419 2259 456 2285 ita
468 2259 594 2287 sentienti.

285 2328 318 2356 N.
344 2328 371 2356 9.
405 2327 439 2355 Et
471 2329 565 2356 mortui
598 2329 625 2357 in

250 2363 353 2400 Christo
368 2369 497 2400 resurgent
510 2365 606 2400 primo.

285 2398 317 2427 N.
333 2399 373 2426 I0.
390 2398 462 2426 Nam
476 2398 526 2427 ista
540 2409 626 2428 resur-

249 2435 370 2467 rectione,
386 2435 407 2461 si
426 2439 493 2462 recte
514 2436 627 2463 credidi-

249 2478 315 2497 mus.

285 2504 350 2533 Ibid.
370 2504 439 2541 Non.
454 2506 550 2541 inquit,
566 2507 626 2541 quia

248 2540 333 2567 vivunt
340 2560 348 2573 ,
362 2540 481 2567 audiunt.

285 2576 352 2613 Ibid.
379 2575 438 2613 Non
468 2583 553 2604 omnes
581 2577 625 2613 qui

247 2610 363 2642 audient.
377 2611 467 2639 vivent.

283 2646 315 2683 N.
343 2645 387 2683 II.
415 2646 492 2673 Nunc
517 2649 623 2683 percipit

246 2682 315 2717 quod
328 2681 458 2717 amiserat.

282 2716 349 2744 Ibid.
369 2716 504 2744 Remotum
518 2718 550 2745 ab
564 2719 623 2755 igne

247 2756 397 2786 torpescere.

251 2821 256 2825 _
281 2787 348 2825 Ibid.
366 2787 418 2815 Sed
444 2787 472 2815 in
494 2788 570 2825 luna,
594 2790 622 2818 in

246 2821 366 2850 lucernis.

281 2857 315 2884 Ν.
337 2858 380 2886 I2.
407 2858 510 2887 Pascua
531 2862 621 2889 mentis

245 2897 318 2919 ικηι.

699 1976 765 2004 Cod.
787 1986 840 2005 xu.
857 1978 891 2005 In
901 1979 1041 2012 cordibus;

663 2012 723 2040 cod.
736 2020 864 2047 cxxxvut,
879 2015 911 2041 de
921 2014 1040 2042 cordibus

662 2047 819 2076 christianis.

697 2082 785 2121 Codd.
797 2083 887 2111 ambo.
900 2084 1041 2121 Antequam

662 2116 753 2153 faciat,
768 2120 924 2148 demonstrat
936 2121 968 2148 ei.

699 2153 749 2182 Iid.
766 2154 878 2182 Multum
894 2163 932 2183 me
944 2161 1039 2188 nwvet,

663 2190 755 2216 intenti
769 2195 858 2218 estote.

698 2224 745 2252 Iid.
776 2226 845 2258 Quid
873 2226 941 2252 enim
968 2226 1041 2253 aliud

1099 226 1146 257 tia,
1162 226 1271 259 iustitia.
1288 225 1404 251 claritas.

1133 261 1163 287 N.
1182 260 1225 288 I4.
1256 260 1359 286 Amicus
1388 259 1476 294 sponsi

1131 365 1198 408 Ibid.
1216 365 1306 407 Fidem
1332 366 1363 392 de
1386 373 1474 393 resur-

1095 406 1210 429 rectione
1222 410 1316 429 canus.

1134 471 1200 500 Ibid.
1218 472 1301 506 Quem
1319 478 1476 507 opponemus

1098 507 1328 535 contradictoribus
1337 507 1351 534 2

1133 543 1200 571 Ibid.
1228 543 1292 576 Qute
1315 551 1342 570 se
1366 542 1478 576 aliquam

1097 579 1246 615 religionem
1257 577 1401 605 hominibus
1412 578 1477 605 inse-

1096 622 1153 641 rere
1167 618 1394 650 prasumpserunl.

1133 684 1163 712 Ν.
1190 685 1233 713 15.
1259 684 1330 712 Nam
1347 687 1400 712 scio
1424 693 1479 713 esse

1098 728 1205 755 corpora
1216 721 1242 747 in
1255 721 1423 748 monumentis
1432 722 1478 757 ja-

1098 757 1191 783 centia.

1134 791 1166 819 N.
1179 791 1223 818 I7.
1240 791 1340 818 Anima
1350 799 1403 818 non
1417 796 1477 818 sunt

1098 826 1125 853 in
1140 827 1320 861 monumentis,
1335 834 1382 854 nec
1390 828 1477 862 justo-

1099 869 1165 894 ram,
1180 870 1226 888 nec
1237 862 1392 897 iniquorum.

1059 885 1084 916 Β
1099 885 1104 888 ’
1113 885 1476 933 ”Ῑὶἔίὰ’,“’έᾶξῖἇὲιὶῖ”ᾧιαηάο

1099 937 1197 995 aui-bid.
1214 967 1268 995 Sed
1275 976 1326 995 non
1333 975 1418 995 omnes
1428 968 1473 996 ob-

1096 1004 1205 1030 audiunt
1216 1002 1366 1039 Evangelia.

1130 1073 1164 1100 N.
1173 1073 1215 1100 I8.
1227 1073 1259 1100 Et
1270 1074 1317 1101 erit
1327 1074 1473 1109 diremptio.

1133 1109 1198 1136 Ibid.
1215 1109 1276 1136 Non
1297 1110 1417 1142 rapinam
1430 1118 1474 1136 ar-

1095 1144 1203 1206 lgtratus
1226 1149 1262 1171 est
1289 1153 1343 1172 esse
1366 1146 1474 1180 aequalis

1122 1188 1160 1206 eo.

1122 1188 1160 1207 eo.

1129 1216 1161 1242 N.
1179 1215 1223 1243 I9.
1238 1214 1300 1242 Non
1316 1223 1398 1242 meam
1417 1224 1474 1250 quae

1093 1252 1196 1278 resistat
1213 1250 1277 1278 Deo.

1128 1285 1196 1313 Ibid.
1219 1285 1280 1313 Non
1305 1286 1403 1321 faciunt
1425 1294 1471 1313 uo-

1093 1321 1216 1348 luntatem
1241 1329 1313 1348 suam
1325 1342 1332 1352 ,
1357 1323 1472 1354 quamvis

1092 1357 1159 1391 quod
1171 1357 1260 1385 volunt
1273 1356 1380 1391 faciant.

1827 136 1893 164 {2&1

1548 188 1597 228 Iid.
1616 189 1668 228 Qui
1682 190 1776 228 estrilli
1794 194 1896 228 sapiu.

1512 225 1560 256 tia,
1571 226 1689 260 justitia,
1703 225 1832 256 charitasi

1546 260 1614 298 Cod.
1625 268 1680 289 ιιι.
1692 262 1800 289 Anticus
1810 266 1896 298 sponsi

1511 295 1554 335 qui
1571 300 1670 323 stat....
1681 297 1778 332 gaudio
1788 295 1895 335 gaudet,

1511 332 1569 358 sine
1581 335 1615 358 et.

1546 366 1631 394 Codd.
1647 366 1688 394 De
1707 368 1761 403 fide
1782 378 1897 398 resurre-

1512 402 1621 428 ctionem
1640 402 1736 431 carnis.
1761 404 1823 433 Vid.
1841 415 1895 435 var.

1514 437 1598 464 Maur.

1549 472 1598 500 Iid.
1616 473 1705 511 “Quae
1741 478 1895 511 opponimus

1513 509 1745 538 contradictoribus
1751 509 1765 538 Ρ

1550 542 1598 581 Iid.
1623 544 1687 578 ρυω
1701 554 1729 572 se
1750 547 1842 581 aliqua
1859 558 1895 575 re-

1514 579 1609 614 ligione
1621 580 1768 609 hominibus
1788 579 1898 612 inserere

1545 622 1741 648 tesuntpserunt.
1761 618 1825 645 Vid.
1841 627 1895 647 ur.

1540 658 1596 677 aur.

1549 685 1598 712 Iid.
1616 684 1684 712 Nam
1698 688 1753 715 scio
1772 689 1832 716 sine
1847 691 1896 717 rita

1514 728 1658 758 corporum,
1674 730 1785 758 corpora
1803 726 1831 752 in
1843 734 1895 753 tuo-

1513 758 1639 783 numentis
1645 757 1775 791 iacentia.

1548 792 1615 819 Cod.
1632 800 1686 820 xu.
1705 795 1820 822 'Aniluz
1842 801 1897 824 sul

1513 827 1540 853 in
1553 829 1734 867 monumentis.
1748 839 1796 858 nec
1814 834 1898 867 justo-

1513 870 1580 899 rum,
1596 871 1642 899 nec
1652 864 1820 899 iniquorum:

1547 898 1633 937 C_odd_.
1667 899 1800 933 Superius
1833 911 1897 937 quo—

1513 934 1589 960 modo
1602 934 1649 961 ait.

1547 969 1613 996 Cod.
1629 977 1683 996 ιιι.
1699 970 1756 998 Sed
1772 980 1826 999 non
1846 981 1898 1000 ous-

1512 1012 1556 1042 nes
1565 1004 1687 1042 obediunt
1698 1006 1854 1042 Evangelia.
1866 1010 1895 1037 Et.

1513 1040 1552 1066 sic
1563 1040 1699 1075 deinceps,
1718 1040 1802 1069 bene.

1547 1075 1632 1102 Codd.
1649 1076 1683 1103 Et
1696 1078 1745 1103 erit
1762 1079 1893 1107 discretio.

1548 1111 1595 1137 Iid.
1622 1111 1683 1138 Non
1707 1115 1834 1148 rapinam
1856 1123 1896 1142 ur-

1510 1146 1618 1208 lB’tratus
1638 1155 1693 1175 esse
1713 1146 1745 1175 se
1770 1152 1894 1185 «equuleus

1537 1189 1575 1207 eo.

1537 1189 1575 1207 εο.

1544 1216 1612 1244 Cod.
1623 1224 1645 1255 _t.
1660 1217 1723 1255 Non
1738 1228 1835 1255 manu,
1847 1230 1894 1249 non

1509 1260 1566 1287 qua
1578 1253 1681 1280 resistat
1697 1254 1765 1283 Deo.

1546 1288 1583 1315 Id.
1599 1287 1660 1315 Non
1675 1290 1782 1324 faciunt
1804 1293 1891 1320 solun-

1508 1327 1584 1360 talem
1604 1332 1688 1359 suout,
1703 1328 1825 1360 quamvis
1850 1337 1892 1355 eo-

1509 1359 1589 1386 lentes
1601 1359 1711 1395 faciunt.

1383 1422 1539 1444 TRACTATUS
1554 1425 1569 1443 x
1575 1424 1589 1443 Χ
1595 1436 1602 1443 .

1128 1472 1236 1508 Legitur
1249 1473 1275 1500 in
1297 1472 1382 1500 tribus
1403 1462 1483 1501 codd.
1500 1474 1673 1507 Florentinis,
1697 1483 1800 1512 nempe
1825 1477 1887 1506 Bibl.

1091 1517 1221 1546 Laurent.
1235 1519 1302 1553 plut.
1320 1526 1373 1546 xvn
1386 1539 1393 1551 ,
1416 1519 1476 1547 cod.
1493 1528 1542 1553 IL,
1559 1520 1604 1547 τοι.
1619 1520 1671 1548 169
1686 1521 1721 1554 b;
1742 1522 1811 1550 ibid.
1829 1524 1887 1559 plut.

698 1553 738 1582 Id.
746 1553 849 1581 Dimitte
856 1553 947 1589 corpus
954 1559 1036 1590 luunt,

698 1588 718 1609 li
727 1593 752 1609 nl
764 1592 797 1609 n.l
812 1598 853 1609 ινιτ
867 1595 935 1609 ιιηηυ

1100 1574 1144 1593 lxx
1155 1566 1242 1594 sinist.
1253 1586 1261 1597 .
1273 1565 1334 1593 cod.
1349 1574 1375 1599 I,
1391 1566 1439 1594 fol.
1451 1567 1520 1601 906;
1533 1571 1561 1595 et
1576 1567 1645 1596 Bibl.
1659 1553 1747 1598 Edil.
1759 1553 1888 1604 conf“...

1092 1612 1141 1641 fol.
1153 1613 1206 1641 I50
1217 1614 1248 1646 b;
1263 1614 1309 1641 sed
1322 1613 1367 1641 alii
1383 1614 1526 1650 longiores,
1541 1615 1587 1642 alii
1599 1615 1749 1644 breviores.
1766 1618 1889 1652 Quasdam

1092 1659 1174 1686 etiam
1196 1659 1295 1694 passim
1317 1660 1489 1695 reperiuntur
1505 1660 1531 1688 in
1553 1662 1613 1689 cod.
1630 1670 1721 1696 uxn,
1738 1665 1808 1698 plut.
1823 1673 1889 1699 xm,

1091 1705 1140 1733 fol.
1155 1705 1216 1733 116.

1129 1760 1198 1787 Edit.
1210 1759 1242 1788 N.
1255 1760 1280 1788 I.
1293 1760 1369 1793 Quod
1379 1769 1466 1788 aman-

1092 1796 1124 1822 do
1140 1795 1250 1828 biberat,
1272 1797 1468 1831 euangelizando

1090 1835 1212 1858 ructaret.

1127 1866 1194 1893 Ibid.
1209 1866 1252 1894 Ita
1265 1871 1362 1894 secreta
1372 1872 1432 1894 sunt
1445 1871 1469 1894 et

1091 1901 1220 1937 profunda
1232 1901 1417 1938 intelligentia.

1127 1972 1195 2000 Ibid.
1221 1973 1296 2005 Quod
1315 1981 1372 2000 eum
1394 1973 1471 2000 audi-

1092 2007 1137 2034 stis
1148 2009 1223 2035 modo
1233 2009 1327 2036 dicere.

1127 2043 1148 2070 N
1153 2063 1160 2071 .
1189 2043 1216 2071 2.
1246 2043 1469 2072 Commemorandi

1092 2078 1162 2106 estis.

1127 2113 1194 2150 Ibid.
1210 2113 1272 2141 Post
1294 2114 1407 2142 laborem
1428 2117 1470 2150 fa-

1092 2149 1184 2176 bricati
1198 2149 1295 2176 mundi.

1128 2184 1196 2211 Ibid.
1211 2184 1272 2211 Nisi
1285 2192 1344 2212 cum
1362 2185 1469 2213 redieris

1091 2220 1126 2256 ad
1149 2219 1343 2247 similitudinem
1369 2221 1396 2248 in
1418 2229 1468 2256 qua

720 2255 818 2287 videtur
835 2261 885 2288 ista
904 2263 1037 2289 sententia.
1051 2272 1079 2303 Β
1091 2255 1236 2303 Ῑαῆξξξελεεξς

663 2293 708 2322 Sic
718 2300 743 2323 et
761 2303 850 2323 xxxvt.

697 2328 746 2357 Iid.
757 2329 789 2356 Et
798 2332 891 2359 mortui
901 2332 928 2359 in
937 2331 1039 2360 Christo

662 2371 793 2401 resurgent
811 2368 897 2400 primi.

699 2401 746 2427 Iid.
761 2401 830 2429 Nam
840 2403 861 2429 si
873 2404 948 2430 istam
959 2411 1039 2431 resur-

662 2436 799 2464 rectionem
821 2443 887 2465 recte
901 2439 1038 2467 credimus.

699 2505 746 2533 Iid.
765 2507 825 2534 Non
836 2530 844 2543 ,
865 2509 963 2545 inquit,
978 2510 1038 2544 quia

660 2541 755 2573 vivunt,
769 2541 882 2571 audient.

696 2576 745 2604 Iid.
762 2577 823 2616 Non
837 2588 924 2608 onmes
935 2581 979 2616 qui
989 2589 1038 2608 att-

659 2612 734 2639 diunt
742 2633 750 2645 ,
765 2614 862 2643 vivunt.

696 2648 744 2688 Iid.
762 2648 839 2677 Nune
858 2652 947 2685 recipit
967 2653 1036 2686 quod

659 2689 777 2711 atmserat
782 2705 788 2711 .

694 2719 761 2747 Cod.
776 2728 829 2747 xu.
847 2721 981 2749 Remotum
1003 2723 1034 2749 ab

658 2754 715 2789 igne
730 2760 864 2789 tepescere.

693 2791 775 2827 Codd.
799 2792 851 2819 Sed
875 2792 901 2819 in
927 2793 1033 2827 lumine,

657 2825 684 2852 in
698 2826 817 2854 lucernis.

694 2860 741 2887 Iid.
758 2861 861 2890 Pascua
881 2865 971 2892 mentis
991 2873 1035 2892 su-

657 2896 760 2925 mimus.

1127 2290 1195 2317 Ibid.
1213 2291 1263 2323 Qui
1276 2291 1340 2318 dixit
1356 2295 1379 2318 et
1400 2291 1470 2327 facta

1092 2330 1161 2353 sunt.

1127 2360 1193 2388 Ibid.
1216 2360 1264 2388 Cui
1286 2365 1423 2390 attestatur
1446 2368 1469 2390 et

1090 2396 1215 2431 psalmus.

1129 2432 1194 2459 Ibid.
1308 2433 1335 2458 in
1351 2433 1468 2469 jttbendo

1091 2474 1220 2498 nunquam
1235 2466 1403 2495 laboraverat.

1126 2502 1158 2529 N.
1170 2502 1197 2529 4.
1214 2501 1248 2529 Et
1262 2505 1334 2537 quasi
1346 2511 1467 2530 corusca-

1090 2538 1157 2564 tione
1185 2545 1283 2572 magnae
1312 2538 1376 2565 lucis
1403 2539 1464 2566 lior-

1089 2580 1198 2599 rescens.

1123 2608 1156 2635 Ν.
1168 2608 1195 2636 6.
1211 2608 1265 2636 Sed
1277 2615 1321 2642 per
1331 2610 1468 2637 maceriam

1087 2643 1210 2670 cecidisti.

1123 2679 1155 2706 N.
1171 2679 1196 2705 7.
1220 2679 1367 2706 Secundum
1387 2680 1465 2708 intel-

1088 2713 1219 2750 ligentiam
1232 2720 1302 2742 tuam
1323 2715 1425 2743 tardam
1442 2721 1466 2743 et

1087 2758 1215 2786 gressum.

1122 2785 1154 2812 N.
1171 2786 1198 2813 9.
1213 2785 1246 2812 Et
1259 2790 1379 2813 averteret
1395 2794 1467 2814 men-

1087 2825 1146 2847 tem.

1123 2855 1187 2883 Ibid.
1204 2856 1239 2884 Et
1259 2856 1310 2885 alia
1323 2855 1410 2887 Filius
1429 2859 1464 2887 si-

1087 2891 1170 2919 milia.

1541 1761 1606 1799 Cod.
1632 1771 1639 1790 I
1670 1768 1699 1791 et
1733 1773 1779 1791 XL.
1816 1765 1887 1799 Quod

1505 1797 1616 1836 amando
1638 1798 1749 1833 biberat,
1762 1797 1887 1836 evangeli-

1504 1834 1587 1859 cando
1597 1840 1738 1862 cruciaret.

1540 1868 1624 1896 Codd.
1646 1869 1691 1896 Ita
1706 1878 1808 1899 secreta
1830 1878 1885 1899 sunt

1503 1907 1529 1942 e_t_
1534 1940 1537 1942 Δ
1544 1906 1681 1942 profundi!
1701 1907 1883 1942 intelligentia.

1509 1939 1567 1966 Vid.
1581 1948 1639 1967 var.
1657 1941 1746 1969 Maur.

1542 1975 1608 2002 Cod.
1621 1984 1665 2003 ιι..
1680 1976 1759 2009 Quod
1774 1986 1832 2005 euut
1842 1987 1887 2006 su-

1507 2010 1567 2038 ditis
1581 2011 1674 2040 dicere.

1543 2045 1582 2074 Id.
1628 2046 1887 2077 Commorandust

1506 2086 1554 2109 est.

1541 2117 1608 2145 Cod.
1621 2126 1716 2148 nul.
1731 2118 1799 2146 Post
1813 2120 1885 2147 labo-

1507 2160 1561 2179 rent
1575 2153 1681 2187 [abricaz
1696 2156 1800 2181 mundi.

1540 2188 1625 2215 Codd.
1641 2188 1700 2216 Nisi
1724 2198 1784 2216 cum
1805 2191 1884 2218 redie-

1505 2224 1541 2251 ris
1562 2224 1596 2250 ad
1618 2225 1815 2252 similitudinem
1841 2226 1884 2252 Dei

1505 2261 1531 2286 in
1545 2268 1595 2294 qua
1610 2261 1695 2295 factus
1708 2265 1760 2289 est.

1510 2330 1516 2335 ι
1541 2294 1606 2335 Cod.
1622 2303 1706 2335 sit":
1721 2302 1747 2323 et
1768 2304 1813 2324 ll...
1834 2297 1883 2330 Qui

1506 2330 1579 2362 iussit
1593 2335 1617 2357 et
1630 2332 1701 2365 facta
1715 2337 1787 2358 sunt.

1540 2364 1605 2392 Cod.
1624 2364 1642 2392 1⁷.
1656 2366 1704 2392 Cui
1718 2367 1757 2393 rei
1778 2372 1882 2394 attesta-

1506 2404 1548 2426 tur
1560 2405 1583 2427 et
1598 2400 1730 2428 Psalmus.

1543 2435 1579 2464 Id.
1600 2435 1656 2472 Qui
1678 2438 1794 2472 iubendo
1818 2447 1882 2466 nuu-

1504 2478 1580 2505 quam
1595 2471 1766 2499 laboraverat.

1541 2506 1578 2533 Id.
1596 2505 1629 2533 Et
1640 2508 1716 2539 quasi
1730 2510 1881 2536 coruscatio-

1504 2549 1560 2568 nem
1582 2550 1683 2577 magna:
1710 2543 1777 2570 lucis
1798 2545 1882 2575 horro-

1504 2584 1583 2603 εεεηε.

1540 2612 1578 2639 Id.
1604 2611 1658 2639 Sed
1680 2621 1726 2648 per
1744 2615 1881 2642 macer'unt

1504 2647 1666 2675 descendisti.

1540 2683 1578 2710 Id.
1607 2683 1758 2712 Secundum
1784 2686 1879 2712 intelli~

1503 2719 1614 2754 gentiam
1636 2724 1708 2746 tuam
1732 2721 1835 2747 tardam
1857 2726 1880 2748 et

1502 2762 1625 2781 crassam.

1539 2788 1577 2816 Id.
1603 2788 1638 2816 Et
1662 2795 1783 2818 everteret
1810 2799 1878 2818 meu-

1502 2829 1562 2852 tem.

1519 2860 1575 2922 rld.
1612 2860 1699 2889 Filius
1731 2862 1827 2889 similia
1855 2866 1877 2889 et

1530 2903 1564 2922 ta.

1502 2902 1564 2923 αιια.
