4018 6530
266 297 420 355 1205

337 411 404 466 Ν.
461 410 544 468 10.
599 410 859 468 Percussa
910 422 1027 469 aere

252 482 490 536 transiit.

339 551 471 608 Ibid.
503 553 564 608 Si
600 554 718 621 fecit
746 551 881 610 Deus
931 571 1031 610 cte-

254 621 376 694 tum
392 663 405 684 ,
439 625 575 694 quod
603 635 791 680 manet.

338 692 480 766 Ibi_d.
516 692 673 749 Pater
713 697 850 751 enim
909 697 1031 766 fecit

257 779 360 834 per
392 761 611 819 Filium.

338 835 402 910 Ν.
435 836 520 890 12.
564 838 780 892 Attende
800 848 847 893 et
866 839 979 910 ipsa
1006 853 1027 905 ;

257 907 564 971 volvuntur,
599 919 706 962 etc.

339 976 474 1059 Ibid.
533 976 788 1059 compara
855 979 1026 1050 ipsum

251 1051 496 1102 animum
526 1051 712 1113 primo.

336 1117 469 1173 Ibid.
503 1117 614 1194 Cito
646 1122 854 1190 potuisti
884 1123 1022 1194 cogi-

249 1193 376 1263 tare
401 1192 534 1263 quod
564 1195 797 1263 facturus
823 1203 898 1248 est
921 1192 1018 1249 sol.

248 1258 340 1313 Ab
369 1258 580 1328 oriente,
603 1270 708 1316 etc.

323 1400 402 1484 .N.
431 1403 518 1486 I3.
547 1402 675 1474 Ipsa
697 1405 893 1461 ratione
911 1407 1025 1460 ani-

249 1486 331 1525 ηιι
361 1487 465 1528 ειη.

335 1543 472 1600 Ibid.
492 1545 632 1610 Quid
645 1547 1022 1616 separationem

245 1616 449 1682 quieris
474 1616 526 1668 in
548 1631 699 1687 opere
715 1617 741 1671 ?

1496 303 1876 364 LECTIONES
1911 304 2331 391 VARIANTES.

1173 414 1565 507 Percussit
1609 435 1773 474 aerati
1807 428 1856 475 et
1879 420 1938 485 Δ
1961 424 2192 507 corporis
2231 426 2285 479 in
2309 425 2408 481 hac
2433 427 2538 481 vita
2573 434 2726 498 atque
2795 447 2892 486 me
2917 444 2966 489 et
2985 441 3210 507 corporis
3237 441 3288 495 in
3319 442 3410 496 hac
3445 446 3552 503 vita
3657 481 3670 491 -

1101 489 1325 544 transiit.

1172 558 1305 612 Cod.
1375 575 1566 632 rxxxw.
1623 559 1687 618 Si
1738 563 1856 632 fecit

1104 624 1262 702 Pater
1289 631 1466 702 gelum
1493 632 1632 702 quod
1662 624 1852 690 mtinet.

1292 698 1452 755 Pater
1478 698 1613 756 enim
1662 705 1779 774 fecit
1809 711 1856 758 et

1102 768 1297 827 Filius.

1166 841 1246 897 Id.
1268 843 1492 914 Attende
1529 851 1578 898 et
1603 844 1742 914 ipsa,
1773 861 1857 900 ve-

1097 914 1184 985 lut
1198 913 1406 985 fulgura
1430 913 1720 979 volvuntur,
1745 927 1852 972 etc.

1168 983 1248 1040 Id.
1280 983 1293 985 ⁷
1321 983 1577 1054 Compara
1645 987 1855 1055 corpori

1096 1055 1266 1123 ipsum
1295 1058 1528 1111 animum
1556 1057 1747 1124 primo.

1165 1126 1242 1201 Id.
1258 1126 1550 1201 Cito(iorte
1569 1127 1741 1201 citius)
1755 1145 1852 1201 po-

1095 1199 1237 1252 tuisti
1274 1200 1497 1270 cogitare
1524 1200 1659 1266 quod
1680 1199 1854 1270 [actu-

1094 1283 1184 1323 rus
1211 1278 1283 1323 est
1321 1268 1419 1335 sol,
1439 1284 1608 1340 quam
1647 1268 1736 1323 ille
1772 1273 1855 1340 fa-

1095 1348 1271 1396 cturus
1290 1349 1384 1396 est.
1413 1339 1487 1393 Ab
1512 1339 1718 1394 oriente.
1745 1339 1849 1396 etc.

1169 1409 1244 1482 Id.
1328 1409 1506 1482 Ipsam
1599 1411 1854 1482 rationem

1098 1481 1258 1534 animi
1277 1480 1378 1536 sui.
1402 1480 1518 1534 VIII.
1541 1497 1653 1536 var.
1678 1481 1848 1537 Maur.

1169 1552 1244 1606 Id.
1309 1552 1448 1618 Quid
1515 1553 1854 1622 separationis

1094 1623 1279 1694 quieris
1303 1623 1356 1676 in
1379 1638 1528 1691 opere
1543 1623 1569 1677 Ρ
1646 1681 1660 1694 ο

677 1743 985 1786 τιιΑοΤκι-υε
1023 1747 1136 1788 XXII
1173 1742 1228 1789 et
1265 1747 1423 1788 XXIII.

330 1836 607 1910 Leguntur
642 1840 822 1912 aliqua
869 1859 934 1899 ex
978 1830 1131 1914 parte
1161 1846 1212 1901 in
1244 1846 1483 1916 quinque
1524 1845 1682 1902 codd.
1730 1845 1850 1903 Flo-

244 1933 510 2000 rentinis,
540 1951 734 2007 nempe
763 1938 900 1995 Bibl.
924 1940 1178 1999 Laurent.
1201 1942 1335 2012 plut.
1361 1957 1494 2008 xvu,
1517 1943 1640 1999 cod.
1667 1960 1850 2012 xxxw,

244 2026 356 2082 fol.
388 2027 459 2083 90
484 2027 546 2094 b;
590 2028 726 2083 ibid.
767 2029 860 2084 Iol.
896 2031 1020 2097 I16,
1071 2047 1229 2099 quem
1273 2033 1571 2088 indicamus
1601 2049 1759 2091 xxxv:
1790 2035 1853 2102 b;

1959 498 2245 562 complexu.

2030 563 2161 621 Ibid.
2199 568 2328 636 Qute
2367 567 2504 624 Deus
2546 580 2640 626 est.

2027 708 2164 789 Ibid.
2245 710 2498 784 Superior
2585 716 2722 769 enim

1957 793 2150 835 anima.

2029 849 2162 925 Ibid.
2188 923 2196 925 _
2235 851 2461 908 Prtestat
2519 853 2720 925 aliquid

1956 919 2218 991 interiori.

2027 989 2090 1045 N.
2117 992 2170 1066 6.
2219 993 2531 1066 Contemptis
2569 1005 2718 1054 cauo

1958 1061 2030 1118 ris
2054 1065 2132 1117 vel
2161 1066 2315 1119 etiam
2343 1061 2677 1125 transcensis.

2031 1133 2163 1188 Ibid.
2201 1134 2321 1189 Non
2354 1140 2591 1204 rapinam
2639 1157 2716 1196 aro.

1955 1202 2168 1260 bitratus
2188 1215 2262 1262 est
2285 1212 2407 1264 esse‘
2417 1202 2652 1281 dqualis.

2509 1411 2753 1454 ΤΒΔΟΤΔΤ
2761 1413 2821 1454 US

3413 327 3437 380 I
3448 327 3554 386 206

2794 513 2942 578 atque
2967 511 3308 578 complexum.

2859 575 3029 632 Codd.
3085 575 3093 578 ⁷
3120 581 3298 637 ambo.
3388 583 3542 654 Quod

2793 642 2934 701 Deus
2956 658 3049 703 est.

2830 717 2999 798 ‘Cod.
3069 735 3330 798 unum.
3384 726 3533 796 Snpe

2794 793 2905 842 rior
2929 798 3004 844 est
3025 793 3163 847 enim
3185 799 3378 850 animo.

2861 857 3029 915 Codd.
3057 864 3242 918 Anima
3269 884 3314 919 ttt
3341 877 3555 932 priestat

2788 927 3001 1055 alilquod
3031 933 3282 1016 infer-iur.

2887 1003 2960 1055 Id.
2992 1002 3278 1055 Contemnti

2887 1003 2960 1058 id.
2992 1002 3201 1057 Contem
3210 1009 3306 1074 ptis
3349 1009 3550 1068 ceteris

2785 1072 2876 1148 uel
2886 1077 3044 1148 etiam
3069 1072 3415 1148 transgressis.

2862 1142 2956 1198 lio.
2992 1145 3115 1200 Non
3143 1142 3382 1218 rapinam
3408 1151 3549 1203 arbi-

2789 1224 2966 1340 r'atus
2995 1226 3069 1274 est
3106 1231 3218 1274 esse
3262 1235 3317 1276 se
3372 1235 3550 1291 aqua-

2807 1302 2908 1340 em.

2807 1302 2908 1341 em.

2877 1415 3001 1455 XXV.

2026 1505 2266 1577 Legitur,
2307 1522 2500 1577 nempe
2539 1524 2570 1564 a
2599 1525 2654 1564 n.
2687 1511 2754 1567 IO
2782 1525 2950 1582 usque
2995 1513 3062 1569 ad
3105 1515 3267 1571 linem
3305 1519 3364 1572 in
3403 1516 3544 1573 Bibl.

1954 1597 2214 1654 Laurent.
2243 1599 2380 1670 plut.
2411 1596 2521 1666 xxi,
2545 1601 2667 1659 cod.
2701 1617 2756 1669 ι,
2789 1602 2883 1658 I'ol.
2903 1602 3006 1659 1ιῖ
3033 1607 3083 1674 b,
3117 1616 3172 1662 et
3211 1607 3346 1663 Bibl.
3375 1605 3548 1664 Edil.

1953 1690 2078 1747 cod.
2111 1707 2271 1757 exui,
2323 1692 2420 1749 fol.
2473 1693 2577 1751 I53
2626 1693 2688 1761 b;
2736 1695 2949 1752 brevior
2997 1707 3174 1754 autem
3223 1701 3450 1757 habetur
3497 1701 3553 1770 in

1957 1970 2377 2096 conseguentibus
2443 1970 2714 2054 illucescit.

2029 2041 2103 2096 Ibi
2151 2083 2165 2096 .
2197 2038 2255 2096 SI
2279 2058 2434 2096 sares
2479 2058 2567 2096 aut
2593 2051 2714 2096 petit

246 2117 398 2175 Bibl.
427 2117 600 2174 Αῑάίι.
633 2120 755 2176 cod.
789 2137 968 2188 οηιι,
995 2123 1086 2178 toi.
1122 2125 1218 2180 IOI
1251 2124 1466 2190 b;ibid.
1515 2125 1610 2181 I‘ol.
1639 2127 1765 2194 403,
1797 2136 1853 2204 et
1955 2112 2464 2204 aIlegﬁbegfggi}
2485 2112 2714 2204 ,θρέψε

245 2212 445 2267 eadem
473 2210 613 2267 Bibl.
642 2213 762 2269 cod.
792 2229 1058 2281 cxxxvut,

333 2325 476 2381 Edit.
510 2327 687 2382 Tract.
713 2326 931 2394 xm,N.
960 2327 1017 2382 5.

247 2394 408 2454 Noto
471 2399 624 2452 corde
645 2438 662 2463 ,
715 2414 818 2453 non
885 2412 1021 2454 moto

246 2484 492 2537 corpore,
517 2477 655 2522 moto
677 2470 729 2523 in
749 2468 945 2525 melius.

329 2607 460 2665 Ibid.
486 2608 930 2679 Apprehendenda
948 2621 1022 2668 est

244 2682 427 2737 uera?
454 2682 793 2752 _migrandum
851 2693 925 2738 est
988 2699 1022 2738 α

248 2753 417 2862 {Ia/:2.
444 2750 510 2804 Et
529 2750 630 2823 qua
653 2753 980 2822 migrandum
994 2755 1022 2809 ?

248 2840 384 2891 quat

333 2893 397 2948 N.
429 2893 483 2948 6.
537 2893 646 2947 Nec
702 2904 865 2959 potest
894 2911 1014 2949 eva-

247 2966 407 3020 cuari
455 2965 628 3019 divina
676 2968 941 3021 sententia.

330 3035 463 3095 Ibid.
497 3035 653 3090 Ilodo
694 3037 895 3092 interim
934 3039 1018 3107 [ac

248 3108 527 3162 transitum
555 3108 688 3162 vitte.

332 3178 396 3232 Ν.
430 3179 482 3233 7.
520 3175 636 3232 Una
665 3178 762 3230 erit
785 3179 912 3231 hora
955 3177 1017 3231 de

250 3249 528 3303 duodecim
555 3247 693 3303 horis
716 3251 867 3302 unius
893 3249 1015 3302 diei.

325 3321 396 3374 εΝ.
432 3320 484 3374 9.
536 3319 802 3390 Particeps
847 3321 1014 3386 factus

247 3391 396 3453 vita,
427 3405 530 3443 non
560 3405 671 3443 eras
700 3391 837 3455 quod
865 3405 1013 3444 acce-

244 3469 398 3532 pun.

258 3606 272 3613 Δ
430 3528 516 3613 II).
549 3529 778 3613 Proinde
805 3531 1016 3613 quia-lin

249 3606 309 3655 te
338 3599 557 3654 tenebrat
572 3611 736 3666 erant,
755 3599 872 3655 cum
895 3602 1016 3654 illu-

247 3671 552 3725 minaberis.

329 3742 396 3797 Ν.
431 3741 518 3796 15.
563 3740 640 3796 De
677 3743 1017 3798 monumentis

247 3823 459 3875 autem,
505 3814 714 3867 audient
756 3829 924 3867 vocem
969 3825 1015 3868 et

251 3884 533 3955 procedent
581 3883 667 3954 qui
713 3884 835 3937 bene
887 3884 1016 3953 fece-

253 3963 402 4022 runt,
427 3964 530 4008 etc.

281 4095 314 4108 υ
439 4025 526 4079 14.
553 4024 705 4093 Quod
728 4025 898 4095 audis,
924 4025 1018 4080 hoc

253 4095 410 4150 dicis.

334 4166 467 4222 Ibid.
491 4237 498 4239 Α
538 4166 679 4239 Ergo
757 4168 1018 4238 judicium

255 4253 431 4292 meum
474 4237 674 4304 justum
702 4237 795 4293 est.

335 4379 470 4436 Ibid.
497 4379 598 4444 Qui
629 4388 704 4434 est
736 4380 800 4433 de
838 4378 1017 4448 Patre,

258 4467 363 4506 non
408 4461 481 4505 est
529 4451 591 4504 de
637 4466 711 4504 se.
767 4449 826 4506 Si
865 4453 927 4505 de
967 4467 1022 4507 se

257 4519 436 4576 Filius
463 4531 610 4586 esset,
637 4531 744 4577 etc.

334 4663 397 4718 N.
421 4661 506 4718 I5.
531 4661 857 4717 Voluntatem
871 4658 1018 4716 Filii.

333 4875 514 4931 Tract.
536 4888 682 4929 mn.
715 4872 779 4926 N.
807 4872 864 4928 2.
894 4870 1019 4927 Non

255 4949 327 5002 ad
347 4947 606 5000 sanandos
642 4945 852 5000 amicos.

331 5017 467 5073 Ibid.
517 5014 600 5069 Ibi
657 5017 830 5084 utique
881 5012 1020 5071 Deus

261 5088 517 5157 perhibuit
533 5086 910 5157 testimonium.

333 5159 400 5214 Ν.
434 5160 488 5214 5.
511 5156 692 5212 Omnis
729 5174 850 5228 ergo
891 5171 1022 5225 pro-

264 5231 436 5301 phetia
485 5238 604 5284 ante
669 5228 874 5283 Domini
931 5230 1026 5284 ad-

263 5312 489 5355 ventum.

343 5373 474 5426 Ibid.
505 5367 628 5424 Non
651 5380 812 5442 potest
847 5371 1023 5429 civitas

270 5443 512 5496 abscondi

271 5515 569 5566 constituta.

341 5583 408 5637 Ν.
439 5582 492 5636 5.
537 5581 754 5638 Verbum
780 5582 876 5639 Dei
903 5586 1022 5640 uni-

273 5668 361 5708 cus
391 5652 563 5708 Patri.

345 5724 479 5780 Ibid.
549 5724 768 5795 Propter
823 5743 1030 5782 consor-

1089 2215 1182 2271 l'oI.
1220 2214 1318 2270 179
1343 2218 1389 2270 b.

1164 2326 1299 2384 Cod.
1370 2344 1530 2383 xxxv:
1591 2329 1642 2384 b.
1702 2327 1850 2384 Motu

1092 2401 1282 2465 cordis,
1303 2415 1404 2453 non
1425 2411 1566 2453 motu
1585 2403 1850 2468 corporis;

1094 2481 1234 2524 motu
1264 2473 1315 2522 in
1349 2470 1546 2524 melius.
1583 2469 1702 2525 Vid.
1730 2487 1843 2528 var.

1093 2539 1259 2596 Maur.

1163 2611 1218 2666 Id
1231 2653 1242 2664 .
1273 2611 1336 2668 Si
1357 2621 1529 2666 autem
1562 2612 1850 2683 apprehen-

1093 2682 1211 2737 dere
1271 2698 1440 2754 veram
1454 2727 1470 2750 ,
1522 2682 1849 2754 migrandum

1092 2763 1165 2828 est
1181 2770 1213 2807 a
1233 2753 1391 2824 falsa,
1420 2766 1467 2808 et
1485 2753 1848 2828 quiamigran-

1091 2824 1214 2878 dum
1245 2836 1318 2880 est
1337 2867 1350 2886 ,
1381 2841 1480 2893 quo
1500 2824 1528 2878 Ρ

1160 2894 1235 2949 Id.
1297 2894 1410 2950 Nec
1452 2907 1594 2964 potes
1640 2896 1848 2952 evadere

1086 2967 1386 3020 sententiam
1406 2969 1651 3023 divinam.

1165 3037 1254 3116 Id..
1266 3035 1462 3116 AModo.
1499 3039 1700 3111 interim
1762 3044 1847 3110 [ac

1090 3107 1386 3170 transitum,
1416 3107 1540 3162 vive.
1647 3109 1650 3111 “

2026 2183 2163 2238 Ibid.
2197 2180 2326 2236 Cum
2347 2183 2442 2239 illa

1960 2251 2108 2308 Unde
2134 2255 2244 2312 tibi.

2025 2395 2090 2450 N.
2169 2397 2257 2454 II.
2317 2396 2543 2452 Verbum
2615 2396 2716 2453 Dei

1952 2470 2275 2590 fommendat
2377 2467 2716 2522 humilitatem

1983 2554 2120 2594 nam.

2513 2185 2665 2240 iceret
2693 2199 2717 2242 :

2027 2609 2163 2666 Ibid.
2189 2609 2342 2676 Quod
2365 2625 2468 2665 non
2496 2611 2714 2680 confun-

1953 2679 2108 2733 datur
2140 2696 2256 2734 cum
2285 2681 2497 2734 caeteris.

2022 2751 2087 2804 N.
2122 2753 2208 2806 I3.
2236 2752 2340 2805 Sed
2373 2751 2538 2806 Pater
2573 2769 2715 2807 meus

1952 2822 2090 2891 dedit
2118 2821 2255 2876 vobis
2271 2838 2452 2891 pttnem
2481 2822 2546 2878 de
2563 2824 2709 2878 calo.

1958 2890 2142 2961 Verus,
2169 2901 2275 2948 etc.

2024 3033 2156 3119 Ibid.
2195 3035 2300 3119 Qui
2329 3035 2712 3107 signiﬁcabatur

1947 3114 2294 3168 contemnitis.

1163 3176 1246 3252 Id._
1271 3175 1387 3252 Una
1416 3188 1524 3252 erat
1562 3177 1628 3252 de
1651 3179 1847 3252 duode.
1871 3187 1920 3252 ο
1985 3243 1998 3252 _
2024 3175 2088 3228 N.
2117 3175 2206 3230 I5.
2233 3175 2381 3252 Ipsa.
2411 3177 2550 3252 Quid

1089 3246 1188 3300 cim
1226 3249 1366 3300 horis
1391 3249 1547 3300 unius
1575 3249 1697 3304 diei.

1159 3316 1234 3370 Id.
1330 3315 1598 3386 Particeps
1681 3323 1847 3390 factus

1086 3389 1223 3454 vitte,
1253 3403 1372 3461 non
1426 3403 1540 3442 eras
1564 3429 1582 3456 ,
1641 3387 1846 3461 quando

1089 3458 1350 3528 accepisti.

1163 3529 1240 3587 Id.
1274 3529 1502 3590 Proinde
1527 3533 1682 3601 quiin
1713 3543 1847 3589 tene-

1089 3598 1192 3654 bris
1230 3615 1360 3667 eras,
1412 3598 1548 3653 cum'
1587 3602 1847 3660 illumina-

1089 3671 1239 3724 beris.

1162 3742 1239 3797 Id.
1269 3740 1350 3797 De
1385 3746 1724 3799 monumentis
1752 3763 1849 3801 au-

1089 3821 1187 3867 tem
1210 3814 1417 3867 audient
1461 3823 1509 3867 et
1554 3818 1846 3878 precedent.

1093 3882 1254 3950 Quo?
1297 3882 1384 3952 qui
1431 3883 1555 3939 bene
1597 3886 1846 3957 fecerunt,

1090 3967 1194 4008 CIC.

1161 4023 1323 4099 Cod._
1347 4039 1510 4099 exui.
1585 4025 1653 4081 Ut
1707 4030 1848 4099 quod

1090 4096 1261 4161 audis,
1301 4095 1398 4149 hoc
1446 4096 1606 4152 dicas.

1164 4167 1240 4244 Id.
1269 4176 1325 4222 et
1364 4182 1546 4244 xxx".
1586 4167 1728 4240 Ergo
1756 4175 1855 4244 ju-

1095 4239 1286 4292 dicium
1306 4253 1473 4290 meum
1519 4239 1722 4309 justum
1755 4239 1848 4309 est,

1093 4324 1270 4364 verum
1303 4319 1396 4362 est.

1163 4379 1263 4435 Iid.
1298 4379 1450 4446 Quod
1477 4389 1550 4434 est
1575 4380 1640 4434 de
1669 4381 1849 4446 Patre,

1093 4467 1196 4506 non
1223 4461 1298 4505 est
1324 4451 1394 4504 de
1416 4468 1490 4505 se.
1531 4449 1621 4506 Sic
1645 4468 1748 4506 non
1775 4462 1850 4507 est
1907 4505 1910 4508 .

1091 4523 1156 4576 de
1184 4539 1237 4576 se
1259 4519 1446 4576 Filius.
1477 4519 1537 4576 Si
1567 4522 1630 4576 de
1671 4539 1726 4577 se
1752 4521 1852 4576 Fi-

1091 4592 1192 4646 lius
1218 4601 1366 4657 esset,
1388 4601 1490 4647 etc.

1164 4663 1264 4716 Iid.
1280 4663 1407 4716 Cum
1422 4662 1856 4719 omnibnsmanu-

1093 4733 1310 4798 scriptis
1344 4732 1655 4788 voluntatem
1701 4734 1853 4789 Chri-

1088 4806 1178 4860 sti.
1208 4802 1330 4858 Vid.
1362 4819 1478 4859 var.
1510 4803 1678 4860 Manr.

1161 4874 1300 4930 Cod.
1332 4890 1492 4929 cxul.
1520 4873 1640 4929 Non
1667 4875 1738 4929 ad
1766 4893 1853 4932 sa-
1913 4933 1918 4936 ,

1092 4947 1338 5000 turandos
1365 4947 1576 5001 amicos.

1163 5017 1239 5072 Id.
1277 5015 1374 5072 Ubi
1389 5019 1560 5088 utique
1578 5014 1718 5071 Deus
1736 5034 1850 5088 ραι.

1093 5089 1254 5143 hibuit
1279 5087 1643 5141 testimonium.

1165 5160 1243 5214 Id.
1272 5158 1450 5229 Omnis
1465 5173 1588 5229 ergo
1603 5157 1851 5229 propheta

1096 5239 1214 5284 ante
1275 5228 1489 5283 Domini
1527 5228 1836 5283 adventum.

1096 5301 1188 5358 Sic
1215 5311 1267 5354 et
1295 5315 1476 5355 xxxvn.

1170 5371 1339 5426 Codd.
1382 5371 1559 5424 ambo.
1611 5369 1732 5422 Non
1758 5385 1854 5439 po-

584 5441 740 5510 supra
804 5454 1023 5500 montem
1100 5452 1193 5497 test
1225 5443 1398 5495 civitas
1427 5441 1669 5495 abscondi
1693 5457 1855 5508 supra
1962 5461 2114 5499 ras...
2147 5459 2180 5495 a
2209 5442 2416 5497 veritate
2436 5442 2462 5496 ?

2035 5511 2100 5567 N.
2133 5513 2219 5568 I9.
2270 5515 2534 5568 Geminam
2572 5514 2720 5570 illam

1096 5524 1314 5567 montem
1347 5513 1536 5580 posita.

1166 5583 1336 5639 Codd.
1369 5589 1672 5637 cxxxvmet
1690 5595 1856 5637 cun.

1111 5655 1344 5719 Verbum,
1363 5651 1459 5707 Dei
1471 5653 1650 5707 unicus
1661 5650 1856 5707 Patris.

1171 5725 1306 5781 Cod.
1336 5738 1594 5780 cxxxvm.
1639 5722 1860 5792 Propter

276 5800 402 5848 tium
444 5795 702 5862 quoddam
747 5798 933 5853 anima
982 5807 1032 5854 et
1099 5797 1411 5854 consortium
1439 5794 1702 5865 quoddam
1746 5795 1862 5848 ani-

1985 3243 1998 3256 .
2024 3193 2088 3228 ut.
2117 3193 2206 3230 ID.
2233 3193 2381 3246 ipsa.
2411 3193 2691 3302 υωανφιω

1950 3261 2114 3298 rimus
2136 3255 2308 3299 utrum
2333 3250 2446 3318 ipsa
2475 3248 2539 3300 sit

2021 3385 2154 3458 Ibid.
2231 3387 2390 3442 Aliud
2457 3387 2717 3458 suspicari

1948 3472 2107 3527 quam
2134 3457 2380 3527 loquitur.

1991 3550 1994 3552 ν
2025 3528 2214 3600 Ν.ί16.
2247 3528 2383 3584 Cura
2423 3528 2712 3600 superbiam

1925 3665 1930 3668 _
1951 3605 2001 3653 et
2028 3598 2174 3653 nulla
2203 3602 2299 3654 erit
2330 3598 2600 3671 iniquitas.

2024 3739 2159 3796 Ibid.
2187 3740 2319 3798 Tota
2339 3741 2600 3798 humilitas
2621 3752 2714 3797 tua

1952 3819 2009 3866 ut
2041 3829 2315 3883 cognoscas
2356 3824 2422 3870 te.

2024 3953 2090 4008 Ν.
2121 3955 2210 4011 17.
2260 3955 2406 4012 Fons
2429 3957 2566 4012 vita.
2589 3955 2716 4012 Non

1951 4024 2082 4095 foris
2109 4037 2254 4084 extra
2277 4037 2344 4093 te,
2377 4037 2481 4084 etc.

2029 4166 2166 4226 Ibid.
2201 4167 2302 4234 Ille
2339 4173 2479 4242 iuste
2503 4169 2620 4224 vivit
2668 4177 2716 4224 et

1954 4243 2176 4297 laborat.

2026 4312 2180 4396 Ibide
2213 4309 2242 4364 1
2248 4322 2322 4365 ste
2345 4308 2516 4396 Deum
2538 4311 2713 4396 habet,

1955 4391 2236 4466 ους-μήγε
2264 4399 2364 4466 n‘on
2384 4391 2570 4465 potest.

2027 4453 2162 4511 Ibid.
2193 4453 2302 4510 Sed
2349 4455 2394 4507 si
2436 4455 2503 4507 sit
2550 4462 2717 4510 rectus

1957 4529 2131 4581 corde.

1880 4571 1936 4633 Ι)
1958 4571 2166 4652 "Ibid.
2213 4591 2341 4649 Ideo
2367 4592 2458 4649 ille
2485 4595 2608 4664 quid
2635 4595 2718 4650 di-

1959 4667 2148 4723 cebat?

2033 4735 2265 4819 Ibid..Et
2295 4737 2509 4819 lapsus.
2525 4747 2718 4819 estper

1956 4825 2074 4866 eum
2092 4808 2188 4889 .qui
2217 4816 2332 4888 ante
2369 4807 2641 4887 ceciderat.
2679 4877 2690 4888 O

2028 4878 2164 4934 Ibid.
2194 4876 2410 4931 Auditus
2440 4894 2550 4932 meo
2570 4876 2716 4930 dabis

1957 4949 2324 5005 exultationem
2348 4957 2396 5002 et
2425 4947 2674 5002 laetitiam.

2027 5088 2096 5146 Ν.
2128 5088 2214 5143 18.
2249 5085 2611 5143 Humilitatem
2631 5087 2716 5143 do-

1957 5176 2163 5305 cfoljbid.
2200 5227 2341 5305 .Non
2385 5230 2539 5285 mittit
2575 5231 2717 5302 foras

1960 5300 2059 5355 nisi
2087 5300 2345 5370 superbia.

2035 5371 2165 5426 Ibid.
2205 5371 2472 5439 Quomodo
2497 5371 2602 5426 exit
2639 5370 2720 5440 fo-

1960 5585 2379 5640 resurrectionem
2398 5583 2635 5639 delineet.

2197 2038 2256 2098 Si
2279 2044 2434 2113 scires
2479 2041 2567 2112 qui
2592 2043 2718 2113 petit

1880 1807 1930 1868 Β
1955 1784 2198 1856 ejusdem
2229 1786 2369 1842 Bibl.
2404 1786 2662 1854 Laurent,
2694 1789 2835 1859 plut.
2859 1796 2988 1856 xvii,
3011 1793 3136 1848 cod.
3158 1809 3269 1861 xm,
3296 1793 3391 1848 I'oI.
3426 1793 3551 1850 I75.

2032 1898 2174 1953 Edit.
2222 1899 2287 1954 Ν.
2323 1897 2410 1954 10.
2467 1899 2618 1966 Quod
2663 1901 2719 1956 in

2862 1899 2994 1957 Cod.
3028 1919 3082 1958 ι.
3131 1904 3233 1970 Qui
3279 1904 3334 1958 in
3375 1920 3554 1962 conse-

2788 1973 3058 2043 quentibus
3103 1974 3372 2031 illucescit.

2861 2041 3037 2119 Id.A_Si
3078 2047 3233 2119 scires
3263 2045 3390 2119 quis
3427 2047 3554 2119 petit

2789 2125 2890 2168 ate
2917 2115 3099 2188 bibere.
3134 2117 3200 2172 Et
3230 2115 3308 2188 sic
3338 2115 3547 2188 postea.

2859 2186 2992 2241 Cod.
3052 2202 3214 2242 cxut.
3263 2185 3392 2242 Cum
3452 2188 3551 2242 illa

2787 2256 2996 2312 diceret.
3052 2256 3200 2313 Unde
3230 2258 3320 2311 tibi
3375 2273 3551 2327 aqua;

2785 2329 2908 2400 cod.
2941 2327 3237 2400 XLI,IUnde
3249 2330 3338 2383 tibi
3361 2346 3548 2400 aquas.

2857 2398 2992 2454 Cod.
3032 2395 3139 2454 xu.
3197 2395 3418 2453 Verbum
3449 2398 3547 2455 Dei

2785 2483 3145 2524 commemorat
3203 2471 3546 2525 humilitatem

2784 2555 2954 2595 suam.
2981 2541 3069 2596 Sic
3098 2550 3152 2596 et
3176 2555 3336 2596 cxut.

2859 2610 2991 2668 Cod.
3022 2627 3129 2667 xu.
3152 2611 3267 2677 Quo
3295 2627 3398 2667 non
3425 2628 3548 2666 con-

2788 2682 3036 2751 fundatur
3082 2699 3197 2736 cum
3222 2683 3434 2736 steteris.

2855 2751 3025 2808 Codd.
3060 2769 3146 2808 xu
3169 2764 3225 2808 et
3249 2768 3412 2808 exui.
3437 2753 3547 2808 Sed

2787 2819 2946 2878 Pater
2975 2839 3114 2877 meus
3140 2823 3280 2878 dedit
3297 2825 3432 2878 vobis
3451 2840 3547 2878 na-

2783 2910 2901 2948 nem
2927 2897 2990 2948 de
3029 2893 3152 2950 caelo
3194 2911 3385 2952 verum.
3449 2893 3550 2948 Ve-

2783 2981 2892 3030 rus,
2916 2975 3020 3021 etc.

2853 3035 2931 3091 Id.
2967 3034 3118 3118 Quod
3146 3034 3540 3106 signiﬁcabatur

2779 3119 3053 3162 contemnit
3061 3122 3104 3160 I8
3111 3145 3123 3158 .

2857 3175 2991 3234 Cod.
3022 3192 3185 3234 cun.
3216 3175 3395 3249 Ipsam
3435 3178 3544 3248 qui-

2787 3249 2908 3356 den;
2929 3249 3204 3318 quaerimus
3234 3258 3406 3304 utrum
3434 3249 3549 3320 ipsa

2788 3328 2853 3356 nl

2786 3328 2853 3372 stt
2882 3328 2895 3372 2

2861 3387 2938 3442 Id.
3017 3387 3176 3442 Aliud
3241 3389 3491 3459 suspicari
3523 3428 3541 3456 ,

2787 3475 2940 3529 quam
2965 3458 3102 3528 quod
3125 3458 3369 3527 loquitur.

2856 3527 3026 3584 Codd.
3056 3545 3087 3582 ι
3127 3539 3181 3583 et
3226 3543 3390 3584 cxut.
3440 3527 3480 3582 C

2856 3539 3026 3584 Codd.
3056 3545 3087 3582 Χ
3127 3539 3181 3583 et
3226 3543 3390 3584 CXLII.
3440 3539 3545 3582 Ctt-

2781 3609 2895 3684 rata
2936 3599 3178 3681 superbia
3201 3639 3218 3667 ,
3266 3598 3410 3652 nulla
3449 3597 3545 3651 erit

2784 3679 3048 3723 tmaustas.

2784 3686 3048 3725 ιηισιιιιω.

2853 3688 3181 3796 Etim“...
3226 3737 3358 3794 Tota
3387 3737 3545 3791 humi-

2785 3815 2906 3868 litas
2949 3823 3040 3868 tua
3083 3821 3156 3866 est
3189 3853 3204 3880 ,
3255 3819 3310 3863 ut
3356 3824 3546 3882 cogno-

2785 3900 2898 3938 8608
2939 3893 3004 3937 te.

2860 3953 2940 4010 Id.
2973 3952 3120 4008 Fons
3149 3953 3280 4016 vita,
3311 3959 3358 4005 et
3392 3951 3447 4004 in
3476 3949 3549 4004 lu-

2786 4026 2925 4079 mine
2945 4033 3033 4077 tuo
3053 4023 3330 4078 videbimus
3351 4021 3545 4092 lumen.

2791 4095 2916 4150 Non
2943 4097 3070 4166 foris
3089 4102 3232 4149 extra
3255 4103 3320 4156 te,
3360 4101 3468 4166 etc.

2858 4164 3029 4222 Codd.
3059 4166 3167 4220 Iste
3188 4167 3330 4240 juste
3357 4164 3473 4216 uiuit
3499 4173 3550 4217 et

2788 4237 3008 4292 laborat.
3110 4256 3112 4258 '

2859 4309 2958 4390 Iid.
2988 4305 3094 4390 Iste
3120 4316 3169 4362 et
3213 4321 3330 4390 eum
3369 4302 3546 4390 habet,

2786 4388 2873 4452 qui
2898 4388 3064 4454 perire
3090 4395 3193 4433 non
3198 4388 3398 4502 fate“.

2856 4450 2992 4506 Cod.
3027 4467 3079 4505 ι.
3125 4449 3196 4506 Se
3267 4459 3332 4504 sit
3378 4455 3548 4502 iectus

2788 4523 2960 4576 corde.

2848 4592 2993 4716 glad.
3020 4606 3186 4648 chu.
3210 4587 3339 4644 Ideo
3359 4589 3447 4645 ille
3469 4589 3552 4644 di-

2879 4675 2950 4716 at.

2789 4675 2929 4718 εεῡαι
2936 4704 2950 4718 .

2861 4733 3031 4788 Codd.
3088 4732 3288 4798 Lapsus
3333 4745 3409 4785 est
3457 4747 3548 4802 per

2787 4820 2902 4874 eum
2928 4804 3017 4874 qui
3045 4814 3163 4874 ante
3202 4802 3476 4874 ceciderat.

2860 4872 2992 4928 Cod.
3017 4889 3069 4927 ι.
3093 4872 3307 4926 Auditui
3329 4888 3439 4926 meo
3460 4872 3548 4926 da-

2789 4943 2864 4998 bis
2885 4946 3160 5017 rgaudium,
3181 4942 3549 4997 exultationem

2789 5025 2837 5070 et
2874 5016 3119 5070 ltetitiam.

2859 5087 2994 5140 Cod.
3056 5099 3218 5140 cxut.
3266 5083 3546 5140 Humilita-

2789 5165 2889 5213 tem
2909 5173 3000 5228 ego
3025 5155 3202 5211 doceo.

2859 5226 2990 5283 Cod.
3033 5242 3198 5282 cun.
3226 5227 3351 5286 Non
3390 5226 3549 5283 mitti—-

2792 5299 3042 5370 turforas
3063 5300 3161 5352 nisi
3182 5297 3436 5370 superbia.

2860 5369 2994 5426 Cod.
3037 5385 3088 5423 π.
3139 5369 3407 5435 Quomodo
3449 5385 3550 5424 non

2792 5443 2894 5497 exit
2916 5445 3125 5511 foras...
3164 5457 3198 5494 a
3225 5444 3434 5494 veritate
3451 5439 3479 5493 1

2861 5511 3032 5567 Codd.
3089 5511 3354 5567 Geminam
3401 5513 3548 5565 illam

2791 5583 3211 5638 resurrectionem
3231 5583 3474 5637 declaret.

2368 5712 2683 5754 TRAC'I'A'I'US
2721 5715 2843 5755 XXVI
2882 5708 2936 5753 CI.
2976 5715 3142 5755 XXVII.

2037 5792 2253 5865 Legitur
2301 5795 2574 5849 mutilatas
2621 5795 2731 5851 sive
2774 5795 2826 5852 in
2877 5795 3014 5852 Bibl.
3064 5795 3356 5862 Laurent.,
3405 5796 3540 5868 plut.
