3886 6494
116 377 242 434 1209

172 493 294 552 Ibid.
349 492 441 550 Sic
484 493 664 563 qua'rit
708 491 846 548 Deus

112 567 162 624 in
197 563 391 622 homine
418 581 586 621 suam.

174 779 234 836 Ν.
285 777 337 833 '5.
381 778 633 835 Dominus
678 787 847 834 autem

109 851 224 924 quid
254 850 600 922 responderit,
631 858 737 906 etc.

176 1063 304 1122 Ibid.
337 1062 526 1119 Servus
577 1073 684 1132 est,
743 1064 846 1118 uti-

110 1153 222 1192 nam
248 1135 493 1203 hominis,
517 1144 624 1192 etc.

1305 366 1592 424 LECTION
1602 364 1685 423 ES
1724 363 1812 420 VA
1821 364 2135 425 RIAN'I’ES.

991 492 1067 548 Id.
1111 491 1203 550 Sic
1245 492 1427 557 quaerit
1454 489 1594 544 Deus
1617 486 1672 539 in
1698 485 1751 546 Α
1775 496 1980 559 perator
2008 488 2235 544 interior.

920 565 1119 619 homine
1175 563 1447 646 imaginem
1500 574 1668 646 suam,

919 643 1167 720 excepto.
1186 632 1326 704 quod
1354 635 1425 718 in.
1449 632 1641 717 quibus

920 705 1040 761 dam
1068 707 1260 777 legitur
1287 703 1596 759 honunsbus.

994 777 1088 832 Iid.
1124 775 1142 777 “
1175 775 1425 832 Dominus
1497 783 1669 828 autem

915 849 1044 920 quid
1096 848 1240 920 (cod.
1298 848 1457 920 male,
1505 843 1666 920 quod)

917 915 988 975 eis
1009 915 1348 991 responderit,
1380 915 1486 975 etc.
1518 915 1666 991 (cod.

917 1007 956 1059 ι,
979 989 1357 1063 responderat.)
1534 989 1540 991 ’

987 1060 1120 1118 ϐοά.
1177 1078 1262 1116 ιι..
1329 1061 1516 1118 Servus
1569 1067 1668 1128 est,

919 1134 1007 1189 sed
1037 1136 1229 1187 utinam
1270 1133 1512 1198 hominis,
1557 1141 1662 1187 etc.

917 1203 1050 1261 Cod.
1077 1220 1235 1259 xxsw
1257 1220 1430 1260 servus
1459 1211 1557 1272 est;
1573 1219 1667 1258 ser-

105 1293 194 1334 vus
214 1287 341 1333 esset
368 1279 562 1332 utinam
586 1278 824 1340 hominis,
839 1287 946 1334 etc.

174 1349 302 1420 Ibid.
389 1348 518 1403 Cum
600 1349 844 1420 potuisset

107 1421 236 1478 dici:
265 1419 453 1476 Verum
480 1419 780 1476 dico’vobis.

171 1633 301 1690 Ibid.
337 1632 452 1689 Nec
482 1631 639 1690 semel
656 1641 843 1700 tamen,

101 1706 186 1761 sed
208 1707 314 1771 bis,
347 1714 452 1762 etc.

169 1776 300 1831 Ibid.
333 1774 420 1830 Ex
464 1777 576 1850 ipsa
615 1778 846 1850 gemina-

97 1849 234 1902 tione
255 1849 566 1919 cognoscite.

165 1919 230 1974 N.
293 1918 353 1974 4.
431 1918 566 1986 Quid
631 1919 846 1974 dicens?

97 1989 256 2046 Amen
273 2034 288 2054 ,
315 2005 465 2044 amen
504 1991 640 2054 dico,
663 1998 768 2046 etc.

166 2060 301 2116 Ibid.
335 2058 530 2114 Contra
557 2071 844 2126 peccatum,

95 2130 261 2186 Deum
317 2130 642 2188 liberatorem
691 2132 848 2188 inter-

91 2203 364 2273 pellemus.

167 2345 304 2400 Ibid.
361 2345 488 2400 Sine
530 2346 716 2416 pretio,
764 2347 853 2402 sed
893 2348 901 2354 ’

90 2425 282 2482 vestro,
321 2419 446 2483 quia
471 2433 602 2470 meo.

167 2486 234 2541 N.
287 2489 345 2542 5.
404 2486 559 2543 Solus
617 2489 751 2542 enim
802 2490 857 2544 in

89 2557 192 2611 hac
220 2572 379 2613 carne
420 2560 552 2614 venit
591 2563 701 2614 sine
733 2576 851 2631 pec-

85 2639 226 2684 ιάιο.

161 2770 306 2825 Ibid.
400 2770 671 2842 Tanquam
767 2790 852 2827 vos

79 2839 336 2913 Christus
373 2839 616 2913 ubsecret.
665 2844 854 2913 Quid?

79 2911 480 2968 Reconcialiari
502 2913 632 2968 Deo.

159 3051 312 3108 Ibid.
367 3052 588 3108 Necesse
616 3063 687 3108 est
725 3058 855 3110 servi

75 3124 212 3178 sint.

153 3191 307 3250 Ibid.
363 3193 631 3260 Quomodo
685 3205 856 3251 autem

70 3263 517 3331 reconciliantur,
534 3267 654 3333 nisi,
677 3276 782 3322 etc.

151 3335 304 3392 Ibid.
338 3334 427 3390 Ait
453 3337 589 3391 enim
616 3353 707 3408 per
733 3354 857 3410 pro-

67 3407 327 3481 ριιςέιξηιο

153 3478 302 3533 Ibid.
321 3475 852 3551 Eumipsum,inquit,

73 3549 372 3606 Christum
393 3547 561 3604 Deum
580 3593 594 3619 ,
628 3547 736 3608 etc.

149 3690 227 3747 N.
273 3691 336 3746 7.
382 3689 658 3746 Diabolum
694 3693 856 3762 signi-

68 3764 256 3834 ﬁcans
274 3772 551 3818 venturum
564 3764 617 3817 in
634 3762 853 3820 Judteis.

151 3904 303 3960 Ibid.
367 3903 501 3970 Quia
551 3906 596 3960 si
646 3908 855 3977 nollem,

68 3993 174 4033 nec
204 3991 417 4046 passu_s_
442 3992 619 4032 essent.

145 4043 218 4102 Ν.
258 4048 318 4101 8.
365 4043 448 4099 Ne
469 4047 532 4101 de
560 4049 754 4116 peccati
779 4064 859 4103 so-

63 4119 290 4175 lutione
320 4117 687 4186 dilﬁderemus.

140 4189 298 4246 Ibid.
337 4187 484 4242 Audi
513 4205 656 4257 spem
683 4200 856 4257 tuam;

59 4260 258 4316 Filius
293 4267 479 4314 manet
505 4259 562 4314 in
586 4271 853 4320 aeternum.

25 4438 28 4440 η
142 4403 304 4459 Ibid.
343 4401 484 4456 Cum
522 4401 652 4456 servi
685 4405 858 4459 essetis

55 4474 309 4559 peccati,
340 4472 499 4528 liberi
524 4473 683 4529 eratis
696 4475 858 4545 justi-

51 4559 212 4673 ΜΒΝ.
285 4616 351 4672 9.
415 4612 583 4684 χερεῖ
620 4615 856 4683 levetur;

49 4690 139 4746 sie
160 4690 355 4755 Deus,
388 4694 500 4742 etc.

132 4833 212 4888 Ν.
243 4830 350 4886 10.
410 4826 597 4897 Aliqua
632 4827 858 4884 immun-

47 4904 201 4961 ditia
231 4898 642 4974 fornicationis.
851 4951 867 4974 _,

131 4969 299 5032 Ibid.
363 4969 495 5026 Non
548 4971 684 5023 enim
721 4970 862 5041 quod

44 5048 183 5103 volo
240 5059 397 5116 ago;
453 5041 542 5096 sed
593 5041 730 5112 quod
774 5041 864 5099 odi

43 5119 206 5175 illud
238 5115 430 5188 facio.

125 5257 294 5317 Ibid.
355 5254 630 5327 Quidquid
678 5271 861 5327 pecca-
896 5299 910 5315 .

44 5343 178 5389 tum
213 5337 306 5384 est
338 5343 381 5380 a
413 5326 580 5380 nobis.

135 5401 301 5458 Ibid.
323 5423 332 5428 -
374 5397 643 5460 Quamdiu
691 5397 864 5452 adhuc

38 5488 257 5532 servus
308 5467 458 5541 facis
481 5504 498 5532 ,
528 5484 631 5522 non
689 5478 737 5524 te
775 5470 864 5524 de-

38 5551 224 5604 lectat
235 5584 250 5598 .

127 5617 206 5672 N.
250 5613 364 5668 12.
421 5608 546 5663 Non
598 5611 709 5664 ait:
741 5609 860 5667 Non

35 5690 150 5752 sit.
202 5685 320 5742 sed
349 5697 376 5738 :
408 5679 531 5736 Non
561 5691 754 5755 regnet.

127 5826 269 5887 Ibid
283 5863 300 5881 .
343 5821 542 5878 Teneat
570 5838 737 5879 arcem
762 5824 858 5880 im-

987 1346 1121 1403 Cod.
1151 1363 1189 1402 ι.
1243 1346 1371 1402 Cum
1425 1349 1671 1415 potuisset

919 1419 1244 1491 interpretari
1269 1427 1317 1491 et
1343 1418 1668 1484 dici,Verum

922 1490 1226 1548 dico'vobis.
1277 1490 1365 1546 Sic
1394 1499 1450 1545 et
1495 1505 1580 1557 η,
1613 1497 1670 1546 et

923 1577 1177 1628 cxxxvm,
1205 1570 1261 1616 et
1287 1576 1451 1616 cun.

992 1631 1128 1688 ϐοά.
1207 1648 1292 1686 χι.
1341 1629 1456 1686 Nec
1511 1631 1670 1686 semel

920 1703 1122 1768 saltem,
1142 1706 1232 1758 sed
1257 1704 1352 1768 bis,
1381 1714 1488 1772 εις.

990 1774 1122 1829 ϐοά.
1157 1787 1318 1830 exul.
1344 1773 1422 1829 Ex
1444 1778 1558 1843 ipsa
1581 1791 1671 1844 ge—

923 1846 1203 1900 minatione
1212 1848 1558 1916 cognoscitur.

1807 629 1976 757 olbid.
2037 628 2290 701 Per/icere
2360 643 2526 688 autem

1841 718 1894 757 n.

1773 718 1894 758 non.

1780 883 1786 890 .
1844 845 1976 900 Ibid.
2006 845 2137 902 Noli
2175 856 2222 903 te
2242 847 2368 902 dare
2397 861 2521 902 con-

1771 917 2119 986 cupiscentiis.

1843 987 2037 1042 Ν.15.
2092 988 2313 1056 Quando
2364 990 2524 1044 nulla:

1770 1059 2072 1125 inimicitite,
2094 1062 2320 1130 quando,
2342 1069 2453 1118 etc.

1845 1203 1975 1258 Ibid.
2001 1202 2257 1269 Absorpta
2283 1212 2358 1259 est
2384 1219 2522 1258 mors

1770 1275 1825 1329 in
1838 1275 2122 1329 victoriam.
2142 1274 2187 1329 II
2191 1274 2240 1329 bi
2254 1285 2349 1341 est,
2363 1291 2521 1342 mors,

1771 1346 2023 1400 contentio
2048 1347 2169 1400 tua?

1845 1415 1978 1471 Ibid.
2011 1417 2133 1470 Jam
2153 1419 2394 1483 vivemus,
2406 1419 2524 1488 jam

1774 1503 1878 1542 non
1907 1488 2186 1543 moriemur
2215 1490 2268 1543 in
2295 1487 2388 1543 illo
2410 1487 2520 1559 qui,

1773 1568 1877 1614 etc.

1845 1629 1974 1685 Ibid.
2027 1629 2329 1685 Stabulario
2380 1646 2522 1684 com-

1772 1703 2048 1758 mendavit.
2080 1702 2175 1757 Cui
2197 1702 2476 1757 stabulario
2500 1701 2526 1754 ?

1697 1878 1750 1940 B
1776 1844 2040 1940 ulrich
2057 1843 2353 1940 912.51"
2367 1842 2523 1940 91‘?

988 1917 1064 1972 Id.
1084 1916 1220 1981 Quid
1236 1915 1671 1986 ait,Amen,amen
1704 1915 1750 1940 "
1775 1915 1890 1970 ritis
1917 1933 1996 1970 me
2021 1917 2322 1985 interﬁcere.
2353 1917 2524 1985 Agno-

918 1989 1055 2053 dieo,
1087 1998 1191 2042 etc.

991 2057 1125 2115 Cod.
1153 2074 1222 2113 ιι.
1251 2068 1305 2115 et
1327 2075 1495 2116 CXLII.
1530 2059 1670 2116 Con-

922 2140 1003 2202 tra
1058 2130 1333 2202 Dominum
1386 2143 1667 2202 peccatum,

922 2200 1091 2256 Deum
1150 2200 1472 2258 liberatorem
1516 2205 1672 2258 inter-

923 2274 1187 2344 pellemus.

995 2344 1127 2400 Cod.
1160 2359 1416 2400 cxxxvm.
1444 2345 1551 2401 Sed
1565 2347 1674 2402 sine

924 2424 1088 2486 vestro
1118 2415 1282 2485 pretio
1303 2458 1318 2479 ,
1351 2417 1474 2486 quia
1503 2433 1630 2472 meo.

998 2485 1132 2542 Cod.
1181 2502 1218 2541 ι.
1268 2485 1425 2542 Solus
1454 2489 1586 2543 enim
1617 2491 1674 2545 in

928 2556 1060 2611 hanc
1111 2572 1317 2611 carnem
1373 2561 1504 2612 venit
1563 2561 1674 2614 siue

925 2628 1311 2700 peccato.,Cod.
1351 2644 1495 2685 CXLII
1534 2633 1675 2700 pari-

927 2709 1037 2765 ter,
1069 2701 1122 2753 in
1151 2699 1284 2753 hanc
1304 2716 1524 2754 carnem.

999 2771 1132 2824 Cod.
1169 2787 1255 2825 χι..
1296 2770 1563 2842 Tanquam
1591 2788 1674 2827 vos

925 2838 1158 2896 Christus
1194 2838 1431 2896 obsecret
1446 2859 1539 2913 pro
1568 2859 1671 2910 me,

924 2914 1327 2967 reconciliamini
1370 2913 1496 2968 Deo.
1537 2913 1670 2970 ϐοά.

923 2996 1087 3046 exul,
1107 2999 1196 3050 per
1221 2999 1319 3036 me.

995 3050 1126 3106 Cod.
1153 3068 1238 3109 XL.
1274 3051 1493 3108 Necesse
1519 3065 1590 3109 est
1621 3064 1676 3108 ut

927 3123 1053 3176 servi
1081 3123 1202 3176 sint.

1773 2003 1859 2042 sco
1879 1988 2050 2043 carnis
2073 1988 2344 2058 originem.

1846 2057 1910 2113 N.
1952 2059 2007 2112 ‘2.
2057 2057 2308 2113 Dominus
2356 2065 2527 2111 autem

1773 2139 1970 2200 patrem
2010 2128 2177 2185 Deum
2223 2128 2332 2184 vult
2372 2129 2524 2183 intel-

1774 2202 1890 2256 liai.

1817 2219 1980 2333 gIbid.
2041 2272 2170 2337 Quis
2228 2272 2296 2326 sit
2349 2287 2527 2326 eorum

1778 2352 1944 2415 pater,
1982 2353 2103 2415 tunc
2124 2341 2487 2415 intelligemus.

1847 2414 1910 2470 Ν.
1968 2414 2024 2470 4.
2083 2415 2213 2469 Aule
2269 2414 2528 2470 Abraham

1776 2503 1868 2557 ego
1882 2503 2018 2540 sum.

1849 2557 1913 2612 N.
1956 2558 2010 2613 6.
2067 2555 2180 2611 Nos
2218 2573 2428 2622 sumus;
2472 2557 2528 2612 in

1777 2628 2069 2697 parentibus
2095 2631 2302 2693 nostris,
2328 2637 2434 2684 etc.

1849 2698 1912 2753 N.
1955 2700 2008 2752 8.
2054 2698 2336 2769 Nunquam
2393 2697 2530 2754 Deus

1775 2771 1884 2826 sine
1915 2769 2083 2840 Verbo
2107 2770 2226 2840 fuit.

1851 2840 1980 2896 Ibid.
2035 2839 2139 2894 Per
2158 2855 2308 2909 quem
2338 2840 2529 2907 factum

1777 2923 1851 2966 est
1865 2913 2042 2967 caelum
2055 2922 2098 2964 el
2113 2923 2270 2976 terra,
2283 2928 2385 2965 non
2395 2911 2532 2981 quod

1777 2983 2055 3054 praeteriit,
2085 2993 2192 3044 etc.
2223 2982 2462 3038 Pessime
2479 2991 2532 3038 et

1779 3065 1966 3108 contra
1992 3055 2415 3122 grammaticam.

1854 3123 1987 3177 I'bid.
2008 3123 2260 3176 Divinitas
2281 3127 2550 3194 ejus,qno.

999 3192 1075 3247 Id.
1109 3191 1372 3264 Quomodo
1403 3205 1572 3248 autem
1596 3210 1677 3249 re-
1710 3210 1748 3264 '_
1781 3194 1944 3258 imus,
1980 3194 2272 3264 humanitas
2293 3191 2406 3264 ejus
2430 3191 2530 3262 qua

928 3264 1263 3318 conciliamur
1283 3261 1414 3328 Deo,
1429 3266 1670 3327 nisi,etc.
1704 3259 1753 3325 C
1781 3265 1933 3318 imus.
1971 3263 2095 3317 Haec
2116 3259 2526 3333 absque'sensu.

1001 3333 1080 3390 Id.
1117 3335 1200 3389 Ait
1240 3335 1373 3389 enim
1405 3335 1674 3406 prapheta.

997 3477 1073 3533 Id.
1105 3475 1238 3548 Eum
1266 3479 1450 3548 ipsum,
1486 3479 1676 3545 inquit,

925 3547 982 3601 id
1012 3556 1084 3604 est
1121 3547 1400 3602 Dominum
1449 3559 1681 3605 nostrum

923 3617 1106 3674 Iesum
1129 3617 1408 3673 Christum.

997 3688 1129 3744 Cod.
1164 3706 1344 3745 3mm.
1399 3689 1682 3746 Diabolum

927 3762 1224 3887 signiﬁcans
1245 3762 1474 3832 futurum
1498 3763 1554 3816 in
1581 3763 1682 3818 Ju-

961 3847 1074 3887 teis.

961 3847 1074 3888 ιω.

1002 3903 1136 3959 ϐοά.
1165 3921 1233 3960 x1.
1261 3913 1316 3960 et
1345 3919 1527 3961 xxxvr.
1547 3904 1682 3970 Quia

929 3975 973 4030 si
994 3975 1201 4048 nollem,
1233 3985 1570 4048 necpaterer.

1003 4045 1136 4101 Cod.
1173 4063 1259 4102 χι..
1293 4045 1377 4102 Ne
1401 4047 1466 4101 de
1491 4047 1682 4118 peccati

931 4117 1248 4189 absolutione
1278 4117 1641 4189 diﬂideremus.

1001 4187 1132 4244 Cod.
1166 4187 1408 4244 xxxvtet
1438 4205 1525 4243 χι..
1545 4189 1684 4242 Audi

929 4274 1073 4327 spem
1103 4268 1243 4314 tuam
1262 4275 1282 4314 :
1313 4257 1488 4315 Filius
1511 4268 1682 4314 manet

929 4330 986 4384 in
1005 4331 1158 4385 domo
1184 4331 1236 4385 in
1265 4338 1534 4386 aeternum.

1003 4401 1080 4456 Id.
1129 4401 1254 4456 Cum
1310 4402 1441 4456 servi
1507 4401 1681 4455 essetis

932 4474 1150 4554 peccati,
1188 4473 1333 4530 liberi
1383 4472 1557 4544 fuistis
1587 4472 1683 4541 ju-

930 4551 1103 4598 smne.

1002 4613 1134 4669 Cod.
1189 4628 1349 4668 xxxw
1396 4622 1450 4668 et
1512 4628 1673 4668 cn".

931 4681 1100 4755 @ger
1179 4685 1424 4739 relevetur
1501 4700 1519 4738 :
1600 4687 1676 4738 sic

928 4753 1092 4821 Deus,
1123 4761 1227 4812 etc.

1001 4824 1136 4882 Cod.
1175 4840 1434 4882 cxxxvm.
1490 4826 1678 4894 Aliqua

928 4897 1278 4960 immunditia,
1291 4898 1676 4969 fornicationes.

1004 4969 1138 5025 ϐοά.
1166 4967 1349 5024 um.
1394 4967 1518 5023 Non
1544 4969 1679 5021 enim

933 5041 1070 5113 quod
1104 5041 1242 5109 volo,
1271 5039 1368 5113 hoc
1395 5055 1507 5113 ago.
1543 5038 1676 5113 Cod.

933 5110 1192 5180 exLu,sed
1203 5111 1342 5183 quod
1358 5111 1449 5166 odi.
1461 5110 1679 5178 malum,

933 5183 1064 5238 illud
1096 5183 1250 5254 facio.

1002 5253 1134 5338 Cod.
1206 5269 1369 5310 cxut.
1395 5253 1683 5338 “Quidquid

935 5334 1195 5396 peccatum
1213 5337 1286 5381 est
1319 5324 1486 5380 nobis.
1569 5324 1578 5326 “

1005 5395 1140 5451 ϐοά.
1199 5411 1383 5451 xxxvt.
1440 5396 1686 5464 Quandiu

938 5482 1041 5522 non
1097 5478 1146 5520 te
1189 5467 1456 5532 delectat,
1513 5469 1687 5524 adhuc

939 5553 1111 5592 servus
1137 5541 1290 5607 facis.

1005 5610 1140 5664 ϐοά.
1173 5625 1336 5666 cxut.
1372 5609 1494 5664 Non
1521 5611 1688 5665 dicere

935 5680 1090 5734 audet
1113 5696 1132 5735 :
1161 5680 1282 5735 Non
1313 5682 1377 5736 sit
1394 5723 1409 5750 ,
1427 5683 1514 5738 sed
1531 5699 1547 5735 :
1570 5681 1692 5738 Non

936 5762 1129 5824 regnet.

1001 5823 1134 5883 ϐοά.
1214 5839 1379 5883 xxm
1443 5833 1498 5883 et
1551 5823 1691 5893 alii,

1705 4654 1756 4714 υ

1857 3335 1923 3390 Ν.
1948 3333 2035 3389 10.
2066 3333 2254 3388 Omnia
2281 3349 2395 3400 quae
2413 3335 2532 3400 fecit

1783 3423 1884 3462 non
1911 3405 2088 3458 habuit
2116 3405 2252 3459 unde

1821 3476 1918 3561 .N.
1956 3477 2043 3559 II.
2099 3474 2231 3561 Ecce
2273 3477 2407 3561 unde
2434 3474 2534 3544 filii

1781 3549 1927 3620 ejus;
1955 3547 2075 3617 quia
2106 3546 2250 3612 talia,
2280 3555 2385 3601 etc.

1844 3618 1980 3673 Ibid.
2013 3615 2113 3672 Ille
2143 3617 2398 3671 homicida
2425 3625 2532 3671 erat

1782 3689 1845 3743 ab
1871 3689 2040 3745 initio.
2089 3687 2227 3744 Ecce
2268 3688 2404 3761 quod
2435 3697 2530 3755 est,

1781 3770 1888 3818 etc.

2288 3405 2492 3473 faceret.

1852 3901 1987 3958 Ibid.
2021 3902 2160 3973 Ergo
2184 3903 2273 3956 ille
2302 3909 2417 3973 erat
2441 3901 2535 3973 ho-

1781 3974 1972 4028 micida
2023 3970 2306 4028 ali—initio.
2356 3970 2537 4026 Videte

1781 4061 1941 4116 genus
1956 4084 1972 4111 ,
1995 4053 2101 4102 etc.

1854 4187 1986 4245 Ibid.
2032 4185 2306 4242 Homicida
2343 4185 2531 4239 dicitur

1783 4259 2019 4315 diabolus
2035 4276 2138 4314 non
2149 4257 2327 4329 gladio
2355 4272 2530 4310 arma-

1781 4340 1864 4414 tus
1881 4374 1901 4414 ε
1939 4347 2040 4414 non
2067 4332 2204 4402 ferro
2228 4329 2488 4410 accinctus
2511 4344 2531 4394 ;

1781 4403 1850 4456 ad
1880 4403 2136 4456 hominem
2152 4403 2304 4464 venit,
2331 4409 2436 4453 etc.

1857 4472 1920 4528 N.
2000 4472 2087 4527 I5.
2152 4470 2295 4533 Ille;
2371 4471 2483 4538 quis
2514 4469 2538 4522 ?

1784 4543 2066 4610 Diabolus;
2123 4540 2401 4606 homicida,
2431 4548 2536 4596 etc.

3211 379 3355 439 mo

2601 491 2793 567 Teneat
2829 508 3002 552 arcem
3038 495 3096 553 in
3129 501 3354 567 tempore

2601 565 2831 620 interior.

2673 637 2806 691 Cod.
2862 653 3044 692 xxxvr.
3097 637 3354 708 Perﬁcere

2601 719 2772 763 autem
2794 724 2896 764 non
2918 710 3118 764 invenio
3143 752 3157 778 ,
3193 713 3274 766 sic
3295 719 3351 768 et

2600 794 2771 836 CXLII.

2667 851 2800 906 Cod.
2829 853 3102 908 cxxxvm.‘
3129 852 3259 908 Noli
3303 862 3350 908 te

2598 922 2791 994 donare
2816 925 3260 994 concupiscentiis.

2670 992 2805 1050 Cod.
2873 992 3037 1049 xxxiii
3109 1003 3165 1051 et
3233 993 3345 1050 alii.

2602 1064 2822 1132 Quando
2872 1064 3028 1120 nulla:
3063 1066 3351 1123 inimicitiw

2598 1146 2764 1200 erant,
2794 1138 3022 1207 quando,
3061 1149 3167 1194 etc.

2668 1207 2765 1262 Iid.
2799 1208 3050 1274 Absorpta
3087 1219 3162 1263 est
3207 1224 3347 1265 mors

2595 1279 2650 1333 in
2681 1280 2914 1337 victoria.
2941 1279 3039 1336 Ubi
3065 1289 3165 1347 est,
3185 1295 3346 1345 mors,

2594 1350 2808 1404 victoria
2839 1351 2964 1405 tua?
3331 1399 3337 1404 .

2669 1420 2766 1476 Iid.
2798 1421 2919 1504 lam
2941 1420 3199 1504 vivemus,
3240 1423 3349 1492 iam

2597 1508 2699 1546 non
2758 1508 3081 1558 moriemur;
3127 1508 3352 1551 vivemus

2595 1563 2649 1618 in
2665 1561 2755 1617 illo
2777 1564 2861 1633 qui
2881 1603 2895 1627 ,
2919 1573 3022 1618 etc.
3295 1567 3305 1584 '

2666 1633 2801 1690 Cod.
2850 1647 3112 1689 cxxxvm.
3157 1635 3353 1689 Stabu-

2595 1704 2725 1759 lario
2789 1705 3179 1759 commendavit.
3252 1705 3348 1760 Cui

2597 1777 2995 1841 commendavit,
3025 1776 3308 1830 stabulario
3325 1776 3351 1830 .9

2667 1846 2801 1902 Cod.
2839 1861 2923 1902 CL.
2981 1847 3222 1912 Quaeritis
3271 1862 3350 1901 me

2598 1918 2844 2002 occidere.
2896 1918 3129 1990 Agnosco
3178 1919 3347 1973 carnis

2601 2004 2875 2057 originem.

2671 2059 2749 2115 Id.
2779 2058 3030 2114 Dominus
3052 2069 3225 2115 autem
3255 2078 3348 2128 pa-

2600 2140 2728 2185 trem
2764 2146 2917 2186 suum
2948 2129 3116 2187 Deum
3135 2134 3241 2187 vult
3274 2133 3355 2187 in-

2599 2202 2783 2267 telligi,
3309 2244 3316 2256 -,

2669 2220 2783 2329 ⁸
2813 2273 2938 2337 Quis
2995 2283 3120 2329 esset
3171 2244 3354 2331 eorum

2602 2354 2748 2418 pater
2775 2353 2895 2418 tunc
2916 2346 3278 2418 intelligemus.

2670 2415 2748 2471 Id.
2782 2416 3064 2484 Antequam
3083 2415 3354 2472 'Abraham

2600 2487 2745 2558 ﬁeret
2765 2529 2779 2550 ,
2813 2503 2904 2558 ego
2927 2504 3063 2542 sum.

2671 2557 2750 2615 Id.
2779 2557 2891 2614 Nos
2907 2560 3042 2613 enim
3059 2560 3114 2614 in
3125 2560 3356 2631 parenti.

2601 2629 2693 2684 bus
2730 2631 2938 2694 nostris,
2962 2639 3068 2686 etc.

2673 2699 2752 2753 Id.
2783 2699 3061 2768 Nunquam
3085 2699 3224 2756 Deus
3243 2704 3353 2758 sine

2609 2769 2774 2842 Verbo
2799 2787 2892 2842 suo
2921 2771 3038 2842 fuit.

2678 2841 2754 2896 Id.
2811 2839 2931 2914 _Per'
2965 2843 3102 2910 quod
3156 2846 3352 2914 factum

2604 2921 2674 2966 est
2727 2911 2910 2966 ctelum
2945 2921 2991 2966 et
3042 2911 3198 2980 terra,
3251 2931 3352 2969 non

2603 2983 2737 3052 quod
2761 2984 3006 3052 preteriit
3021 3024 3034 3050 ,
3067 2993 3171 3040 etc.

2675 3124 2752 3181 Id.
2808 3124 3060 3180 Divinitas
3091 3127 3202 3195 ejus
3256 3144 3355 3196 qua

2605 3212 2886 3261 manemus,
2925 3197 3215 3252 humanitas
3247 3201 3357 3266 eius

2604 3281 2706 3334 qua
2744 3267 2896 3320 imus.

2677 3336 2751 3390 Id.
2794 3335 2859 3408 Et
2897 3337 3066 3390 omnia
3092 3354 3205 3407 qua:
3239 3341 3358 3408 fecit

2607 3423 2708 3460 non
2732 3407 2908 3460 habuit
2935 3408 3070 3460 unde
3109 3407 3314 3476 faceret.

2680 3477 2754 3532 Id.
2790 3476 2919 3532 Ecce
2934 3479 3072 3532 unde
3087 3479 3202 3546 ﬁlii.
3233 3480 3360 3536 Filii

2605 3550 2717 3620 ejus
2737 3551 2859 3619 quia
2887 3549 3034 3612 talia,
3070 3561 3174 3606 etc.

2669 3618 2743 3674 Id.
2798 3617 2899 3674 Ille
2939 3621 3195 3674 homicida
3250 3632 3360 3676 erat

2606 3689 2671 3743 ab
2718 3691 2885 3745 initio.
2945 3689 3012 3744 Et
3068 3693 3202 3746 unde
3245 3703 3357 3747 erat

2605 3753 2865 3816 homicida
2907 3762 2970 3815 ab
3003 3762 3187 3818 initio?
3224 3763 3360 3820 Ecce

2604 3835 2743 3897 quod
2765 3843 2858 3896 est,
2892 3842 2995 3888 etc.

2683 3901 2761 3974 Id.
2793 3902 2932 3974 Ergo
2952 3905 3041 3958 ille
3059 3915 3166 3960 erat
3190 3905 3358 3960 homi-

2609 3973 2724 4027 cida
2753 3975 2842 4047 ab
2869 3973 3035 4041 initio,
3073 3978 3194 4047 quia
3249 3977 3354 4043 pri-

2609 4060 2749 4097 mum
2823 4045 3093 4101 hominem
3148 4047 3356 4102 occidit.

2621 4113 2795 4171 Videte
2816 4133 2996 4186 genus.
3020 4126 3126 4173 etc.

2676 4187 2755 4241 Id.
2825 4186 3103 4243 Homicida
3168 4189 3360 4244 dicitur

2607 4256 2860 4326 diabolus,
2880 4275 2981 4312 non
2993 4259 3165 4329 gladio
3186 4279 3362 4316 arma-

2605 4337 2849 4401 tu_s,4non
2895 4332 3033 4401 ferro
3079 4333 3358 4400 accinctus,

2605 4398 2674 4452 ad
2704 4398 2956 4454 hominem
2983 4403 3148 4468 venit,
3176 4411 3282 4458 etc.

2683 4469 2758 4543 Id.
2785 4470 2905 4535 Ille,
2945 4472 3147 4543 inquit,
3175 4475 3360 4530 diabo-

2612 4539 2693 4595 lus
2716 4541 2972 4598 homicida
2992 4539 3024 4609 ,⁷
3037 4539 3144 4600 etc.

2345 4715 2653 4757 TRA'I'ACTUS
2675 4717 2794 4758 XLV.

1853 4798 2070 4869 Legitur
2099 4811 2129 4850 a
2159 4811 2213 4850 ιι.
2241 4793 2277 4847 2
2305 4807 2495 4849 versus
2525 4792 2757 4848 medium
2797 4809 2970 4865 usque
3005 4795 3072 4852 ad
3102 4813 3158 4852 ιι.
3185 4797 3217 4853 8
3244 4812 3366 4856 ver-

1783 4907 1876 4949 sus
1899 4892 2080 4956 ﬁnem,
2098 4892 2150 4945 in
2179 4888 2316 4945 Bibl.
2340 4885 2583 4956 Μαδιάμ,

1859 5008 2003 5064 Edit.
2025 5005 2088 5062 Ν.
2109 5008 2164 5060 2.
2200 5004 2384 5059 Dicant
2415 5018 2534 5072 ergo

1787 5080 1991 5153 Pagani
2020 5096 2038 5136 :
2067 5077 2205 5133 Bene
2231 5077 2463 5131 vivimus.

1858 5225 1989 5280 Ibid.
2034 5221 2172 5291 Quid
2217 5221 2291 5274 eis
2331 5219 2536 5289 prodest

1787 5297 1927 5353 unde
1963 5294 2292 5366 gloriantur?

1863 5362 1993 5422 Ibid.
2018 5366 2112 5421 Vel
2144 5381 2235 5432 per
2262 5362 2542 5417 etecitatem

2613 4886 2740 4943 cod.
2770 4903 2883 4958 am,
2914 4889 3009 4946 t'ol.
3031 4890 3099 4944 58
3128 4892 3177 4949 b.

2689 5003 2821 5080 ϐοά.
2844 5005 3047 5080 Dicant
3091 5025 3235 5080 ergo,
3258 5009 3363 5066 Pa-

2609 5077 2852 5153 gani,_vet
2864 5075 3058 5153 Judtei,
3074 5075 3165 5135 vel'
3182 5079 3366 5137 Hiere-

2609 5146 2718 5218 Iici,
2749 5146 2887 5202 Bene
2915 5146 3146 5207 vivimus.

2681 5222 2758 5279 Id.
2815 5219 2952 5294 Quid
3001 5223 3072 5277 eis
3123 5224 3370 5294 prodest?

2613 5295 2748 5350 unde
2774 5291 3108 5358 gloriantur?

2686 5365 2762 5420 Id.
2810 5359 2904 5417 Vel
2947 5379 3036 5433 per
3078 5364 3366 5420 caecitatem

1795 5440 2060 5503 nesciunt,
2139 5437 2216 5491 vel
2275 5434 2543 5503 inﬂatione
2616 5437 2866 5501 nesciunt,
2900 5435 2980 5487 vel
3020 5451 3110 5503 per
3135 5435 3370 5506 inﬂatio-

1796 5518 2140 5566 contemnunt.

1869 5582 2003 5636 Ibid.
2029 5580 2158 5665 Nisi
2181 5586 2426 5665 agnoscat
2465 5577 2542 5630 vi-

1799 5663 1925 5725 tam,
1941 5655 2078 5725 quod
2089 5662 2161 5725 est
2183 5650 2434 5725 Christus.

1870 5724 1931 5779 Ν.
1953 5721 1963 5725 ’
1995 5727 2050 5780 5.
2097 5721 2545 5778 .Ratiocinationes

1799 5797 2115 5854 acutissimas
2169 5793 2541 5849 concludentes.

2617 5525 2731 5566 nem
2753 5515 3112 5560 contemnunt.

2690 5580 2768 5635 Ιά.
2786 5576 2903 5647 Nisi
2913 5585 3159 5646 agnoscat
3193 5581 3368 5647 vitam,

2615 5668 2741 5725 qua;
2767 5655 2841 5725 est
2863 5644 3122 5725 Christus.

2690 5723 2767 5785 Id.
2794 5717 3175 5790 Ratiooinantes
3191 5761 3208 5790 ,
3242 5737 3363 5775 acu-

2619 5794 2841 5848 tissimos
2877 5789 3202 5863 syllogismos
3248 5809 3374 5854 σοη.

2623 5863 2909 5921 eludentes.
