4018 6510
211 331 354 390 1215

1429 324 1814 386 LECTIONES
1853 323 1939 380 VA
1952 325 2267 386 RIANTES.

3336 336 3474 394 12H

204 450 405 520 gratias
442 450 530 520 qui
577 464 771 518 semper
823 446 1026 502 odorem
1065 460 1172 502 sua
1223 444 1417 501 notitiae
1455 458 1544 514 per
1597 458 1686 496 nos
1735 441 1789 495 in
1812 439 1867 499 Α
1895 437 1960 492 ad
1981 438 2255 496 dexteram
2287 441 2458 498 Patris
2487 455 2760 515 postquam
2793 445 3033 502 ascendit
3076 447 3131 502 in
3163 449 3381 515 coelum,
3415 461 3470 509 et

206 547 347 597 omni
376 544 489 596 loco
517 542 840 612 manifestat;
873 540 996 610 quia
1034 539 1225 594 Christi
1250 538 1409 592 bonus
1449 536 1578 589 odor
1615 549 1789 588 unus

204 635 323 693 Deo
346 633 434 708 (Il
459 635 578 691 Cor.
607 649 666 697 ll,
701 633 791 699 ib,
821 633 932 704 15).
953 632 1046 688 Est
1073 630 1215 688 enim
1233 636 1562 700 unguentum
1584 625 1790 682 suavis-

203 729 344 786 slma
368 727 536 799 gratia
566 729 736 782 sancti
765 725 995 796 Spiritus
1023 723 1259 780 suaviter
1289 722 1537 778 redolens
1559 762 1576 788 ,
1619 720 1787 776 eﬁ'usa

205 822 264 879 in
290 821 543 877 cordibtm
564 820 824 876 ﬁdelium.
845 818 1006 874 Libra
1036 827 1212 874 autem
1240 816 1500 887 unguenti
1522 831 1587 871 ex
1622 813 1790 876 nardo

205 913 423 984 pistico,
446 911 652 983 justltia
679 920 763 967 est
789 926 856 968 ex
895 910 1000 967 ﬁde
1025 922 1177 980 pura.
1222 908 1382 965 Pistis
1425 907 1568 963 enim
1589 920 1784 977 graece,

206 1007 370 1062 Fides
395 1005 591 1062 dicitur
611 1003 792 1070 latine,
821 1011 878 1060 et
901 1002 1100 1059 nardus
1123 1002 1372 1058 redolens
1394 999 1786 1056 confessionem

205 1098 334 1154 ﬁdei
361 1097 598 1153 suaviter
640 1097 970 1152 redolentem
1001 1096 1285 1167 signiﬁcat.
1320 1094 1654 1150 Alahastrum
1685 1107 1786 1148 uu-

203 1191 414 1261 guenti.
447 1203 646 1259 corpus
676 1198 760 1246 est
790 1191 963 1246 lldelis
989 1191 1219 1255 animai;
1251 1188 1480 1245 fractum
1521 1201 1653 1242 vero
1679 1186 1792 1240 ala-

205 1285 474 1352 bastrum,
531 1285 746 1340 carnale
793 1292 878 1339 est
903 1284 1228 1340 desiderium
1257 1283 1398 1350 quod
1437 1282 1695 1352 frangitur
1721 1278 1787 1334 ad

202 1385 388 1445 caput,
428 1391 494 1430 ea:
509 1390 611 1444 quo
635 1389 781 1430 omne
804 1391 989 1446 corpus
1012 1374 1252 1430 Ecclesia
1285 1374 1694 1444 conspaginatum
1717 1377 1790 1424 est

204 1467 428 1541 (Ephes.
458 1483 533 1535 tv,
568 1468 679 1540 16).
718 1470 853 1524 Cum
882 1483 1012 1540 ergo
1059 1467 1297 1524 Ecclesia
1330 1466 1614 1536 potentiam
1653 1463 1789 1518 divi.

203 1562 394 1619 uitatis
421 1561 616 1618 Christi
645 1561 923 1633 praedicat,
951 1570 1110 1631 caput
1125 1560 1484 1616 recumbentis
1515 1564 1790 1628 unguento

204 1653 485 1725 perfundit
529 1653 684 1724 (Cod.
729 1653 870 1708 male
917 1651 1207 1722 profundit)
1256 1651 1508 1720 pretioso.
1562 1649 1789 1706 Recum-

201 1745 384 1802 hentis
405 1745 557 1810 dicit,
588 1743 641 1799 id
673 1752 757 1800 est
786 1743 1118 1800 humiliantis
1163 1757 1224 1798 se
1271 1751 1330 1800 ut
1370 1757 1492 1798 eum
1547 1750 1790 1813 tangeret

1891 533 2184 590 secundum
2217 551 2412 606 corpus
2432 551 2540 594 non
2569 546 2654 593 est
2680 537 2766 594 hic
2791 539 2925 608 (hac
2948 557 3048 595 non
3069 551 3206 610 recte
3225 543 3365 598 dicta
3393 546 3472 600 oi-

1891 625 2118 697 dentur),
2147 627 2238 698 qui
2270 630 2552 699 praesentia
2585 632 2881 701 maiestatis
2907 646 3121 701 semper
3147 649 3229 690 est
3259 636 3366 692 hic.
3412 638 3468 694 Si

1891 725 2070 772 nmen
2109 718 2176 774 ad
2205 720 2378 775 bonos
2399 721 2655 789 pertines,
2686 737 2903 793 semper
2923 723 3089 779 habes
3113 722 3386 781 Christum
3415 728 3470 784 in

1890 811 2139 878 praesenti
2193 827 2290 882 per
2335 813 2514 882 ﬁdem,
2572 829 2671 882 per
2708 814 2944 884 signum,
2992 830 3090 885 per
3135 817 3471 887 baptismatis

1892 911 2314 969 sacramentum,
2367 919 2459 974 per
2507 907 2694 961 altaris
2740 908 2919 962 cibum
2967 915 3025 963 et
3057 917 3261 976 potum.
3319 911 3471 969 Unde

1889 992 2019 1048 alibi
2048 993 2176 1049 dicit
2202 995 2279 1049 eis
2307 1012 2320 1049 :
2357 994 2489 1051 Ecce
2523 1013 2614 1068 ego
2635 999 2892 1054 uobiscum
2918 1017 3030 1055 sunt
3073 1018 3232 1070 usque
3253 1003 3322 1057 ad
3347 1020 3472 1059 con-

1889 1087 2280 1146 summationem
2319 1090 2499 1145 seculi
2549 1089 2773 1162 (Matth.
2819 1109 3019 1162 xxuu,
3067 1095 3190 1165 20).
3261 1095 3472 1154 Mittens

1890 1180 2027 1236 enim
2054 1179 2167 1236 htec
2194 1181 2378 1235 mulier
2419 1193 2730 1254 unguentum
2755 1184 2850 1238 hoc
2877 1186 2931 1239 in
2961 1202 3144 1255 corpus
3186 1203 3371 1255 meum,
3403 1189 3473 1244 ad

1888 1275 2241 1343 sepeliendum
2270 1293 2349 1332 me
2371 1278 2488 1347 fecit
2517 1276 2629 1346 (Id.
2666 1295 2809 1343 mn,
2846 1280 2954 1348 12).
2987 1279 3102 1338 Non
3133 1292 3217 1337 est
3243 1281 3472 1350 perditio

1887 1367 2169 1436 unguenti,
2212 1368 2306 1424 sed
2347 1369 2578 1426 oflicium
2623 1373 2931 1437 sepulturae.
2957 1371 3220 1429 Patientia
3261 1374 3471 1430 Domini

1890 1475 2000 1516 non
2047 1460 2223 1531 arguit
2271 1462 2460 1518 ludam
2491 1465 2727 1520 avaritias
2755 1475 2810 1520 et
2856 1481 2963 1523 non
2992 1482 3282 1538 pauperum
3312 1483 3469 1524 causa

1892 1551 2094 1609 dixisse
2123 1554 2262 1622 quod
2293 1554 2449 1621 dixit,
2501 1557 2593 1611 sed
2623 1557 2937 1628 obsequium
2989 1559 3168 1616 Maria
3199 1575 3476 1618 commen-

1890 1644 2004 1700 dat.
2034 1645 2184 1712 Quod
2215 1647 2448 1704 Joannes
2476 1649 2552 1704 ait
2576 1666 2590 1704 :
2620 1649 2748 1706 Sine
2771 1649 2915 1705 illam
2935 1661 2988 1706 ut
3008 1653 3061 1706 in
3083 1652 3169 1707 die
3197 1655 3475 1722 sepultura

1892 1751 2015 1791 mete
2040 1747 2198 1792 servet
2246 1738 2378 1792 illud
2409 1738 2587 1811 (Joan.
2623 1757 2718 1810 xu,
2750 1741 2829 1812 7),
2875 1743 2980 1798 tale
3007 1752 3092 1801 est
3119 1759 3182 1801 ac
3205 1746 3253 1801 si
3277 1745 3423 1802 dicat
3455 1766 3468 1803 :

204 1835 342 1894 ﬁdes
394 1837 668 1894 Ecclesia.
709 1837 767 1893 In
817 1837 1097 1906 majestate
1146 1838 1288 1892 enim
1337 1852 1432 1893 sua
1481 1853 1588 1892 non
1635 1829 2023 1892 tutel-BSine
2053 1832 2196 1886 illam
2223 1833 2397 1889 facere
2417 1835 2558 1917 quod
2580 1835 2722 1900 facit,
2759 1838 3097 1892 utcustodiat
3126 1838 3253 1892 illud
3279 1839 3474 1896 factum

204 1928 396 1996 lectus,
423 1943 521 2000 per
547 1929 768 1985 formam
791 1931 933 1984 servi
957 1927 1182 1985 visibilis
1201 1937 1285 1984 est
1311 1928 1504 1985 factus.
1527 1928 1629 1996 Qui
1661 1941 1790 1998 ergo

202 2028 538 2091 assumptam
564 2020 970 2088 humanitatem,
1018 2021 1161 2078 sacri
1183 2021 1382 2091 eloquii
1415 2021 1498 2090 pia
1531 2019 1790 2090 praedicao

203 2111 356 2176 tione
376 2119 684 2179 veneratur,
721 2113 774 2166 in
798 2113 963 2182 pedes
990 2111 1204 2170 Domini
1227 2112 1395 2174 fundit
1418 2119 1745 2183 unguentum
1769 2128 1786 2172 t

201 2203 429 2274 capillos
471 2204 643 2276 (Cod.
684 2203 824 2260 male
869 2207 1056 2273 capitis
1105 2205 1265 2276 vero)
1315 2220 1442 2261 vero
1499 2206 1652 2275 tingit
1699 2205 1788 2275 qui

203 2298 510 2355 rationabili
564 2298 849 2356 verborum
893 2299 1282 2368 compositione
1331 2298 1400 2354 ab
1423 2299 1791 2355 lncarnationo

205 2388 370 2446 Verbi
403 2405 591 2449 omnes
617 2390 852 2448 hereses
875 2393 1054 2462 procul
1088 2392 1262 2461 pellit.
1317 2392 1468 2446 Sicut
1514 2394 1655 2446 enim
1695 2408 1789 2446 na-

201 2489 329 2535 tura
357 2479 598 2551 corporis
621 2481 690 2537 ad
720 2490 967 2538 ornatum
1022 2483 1105 2537 sui
1155 2497 1397 2553 congruo
1421 2482 1790 2538 moderamine

198 2571 427 2641 capillos
454 2571 692 2642 profert;
719 2574 797 2628 sic
817 2582 870 2627 et
901 2572 1038 2628 ratio
1067 2580 1464 2643 competentsm
1501 2572 1787 2642 verborum

196 2662 451 2720 ordinem
501 2663 668 2719 dictat
713 2664 766 2719 in
795 2678 968 2734 suum
1003 2663 1280 2719 decorem.
1330 2661 1530 2717 Domus
1572 2662 1787 2733 impleta

208 2763 295 2814 est
323 2769 388 2811 ea
417 2757 603 2825 odore,
631 2756 686 2812 id
717 2766 801 2812 est
828 2757 1058 2812 mundus
1074 2772 1142 2812 ex
1171 2757 1308 2812 bona
1339 2755 1501 2812 fama.

274 2844 362 2902 Ill.
406 2844 545 2902 Dicit
568 2863 692 2919 ergo
728 2864 860 2904 unus
883 2865 948 2904 ea:
972 2849 1239 2918 discipulis
1266 2852 1402 2922 ejus,
1439 2846 1608 2904 ludas
1637 2847 1787 2904 Iaca-

196 2935 378 3003 rs'otes,
409 2937 498 3006 qui
517 2949 625 2992 erat
650 2954 767 2992 eum
791 2939 1075 2996 traditurus
1097 2955 1117 2996 :
1149 2941 1322 3005 Quare
1347 2941 1443 2995 hoc
1472 2951 1789 3012 unguentum

199 3044 306 3084 non
354 3029 507 3085 ueniit
552 3031 791 3086 trecentis
843 3032 1093 3096 denariis,
1143 3041 1190 3085 et
1239 3034 1414 3088 datum
1457 3041 1530 3087 est
1571 3035 1789 3103 egenis?

1892 1922 1947 1979 in
1969 1925 2131 1980 corde
2159 1940 2259 1981 suo
2289 1941 2456 1996 neque
2487 1929 2539 1981 in
2573 1929 2712 1983 diem
2743 1930 3034 1998 sepulturae
3063 1945 3232 1998 meai,
3261 1941 3317 1988 et
3344 1940 3470 1992 tunc

1891 2015 2046 2092 sciet,
2079 2018 2199 2086 quia
2254 2019 2392 2074 istud
2441 2021 2750 2091 obsequium
2804 2031 2888 2078 est
2915 2023 3207 2094 praeventio
3235 2028 3476 2096 corporis

1892 2113 1996 2177 mei
2048 2112 2361 2180 sepeliendi.
2414 2113 2562 2169 Unde
2610 2117 2900 2172 secundum
2949 2117 3183 2174 Marcum
3233 2120 3472 2180 dicitur:

1893 2199 2043 2268 Quod
2069 2203 2265 2270 habuit,
2300 2205 2352 2262 id
2383 2215 2465 2262 est
2491 2209 2692 2276 potuit;
2739 2209 2832 2264 hoc
2877 2210 3019 2277 fecit.
3043 2209 3297 2266 Prceenit
3340 2214 3477 2269 enim

1891 2311 2078 2366 ungere
2123 2312 2312 2366 corpus
2357 2315 2524 2352 meum
2557 2301 2612 2354 in
2645 2300 2917 2367 sepultura
2962 2301 3157 2371 (Marc.
3217 2318 3304 2359 alr
3330 2347 3345 2370 ,
3392 2304 3472 2374 8),

1889 2387 2112 2443 subaudi
2129 2388 2287 2459 (Cod.
2313 2390 2453 2445 male
2471 2390 2734 2457 subaudis,
2772 2400 2825 2446 et
2845 2392 2925 2448 sic
2955 2393 3115 2466 inira)
3138 2395 3472 2463 ponendum;

1891 2493 1953 2532 ac
1984 2479 2062 2533 sic
2089 2478 2233 2534 dicat
2269 2496 2281 2532 :
2310 2478 2440 2535 Sine
2466 2479 2610 2536 illam
2642 2481 2802 2537 modo
2822 2485 2886 2536 ad
2909 2484 3238 2553 sepulturam
3268 2501 3478 2557 pra-pa-

1891 2583 2010 2636 rare
2039 2583 2144 2634 me,
2198 2584 2349 2626 more
2384 2569 2710 2636 Judaaoruni,
2746 2572 2874 2628 dum
2903 2585 3115 2642 poteSt;
3163 2577 3304 2646 quod
3351 2588 3476 2634 tunc
3561 2593 3566 2598 '

1892 2658 2032 2713 volet
2055 2657 2249 2724 facere,
2282 2667 2456 2716 etnon
2471 2665 2666 2730 poterit
2691 2681 2704 2715 :
2731 2663 2890 2718 Amen
2908 2666 3024 2719 dico
3051 2667 3212 2737 vobis,
3240 2669 3473 2724 ubicum-

1889 2765 1988 2818 que
2012 2752 2348 2822 pradicatuns
2373 2754 2529 2820 fuerit
2557 2755 2650 2808 hoc
2676 2743 3014 2826 Euangeliunt
3043 2758 3098 2812 in
3122 2768 3225 2812 toto
3257 2763 3474 2830 mundo,

1889 2842 2089 2896 dicetur
2115 2852 2165 2898 et
2205 2843 2344 2908 quod
2385 2845 2492 2900 hac
2517 2845 2634 2914 fecit
2673 2847 2728 2901 in
2757 2850 3054 2903 memoriam
3091 2851 3203 2921 ejus
3241 2850 3352 2922 (Id.
3380 2852 3475 2924 9);

1892 2936 2124 2992 subaudi
2151 2946 2205 2992 ct
2233 2937 2375 3010 quod
2395 2937 2560 2995 ludas
2589 2951 2771 3002 contra
2804 2941 3010 2998 locutus
3043 2953 3147 3011 est,
3183 2945 3391 3002 dicetur
3413 2949 3470 3002 in

1889 3031 2271 3085 contumeliam
2299 3030 2438 3100 ejus.
2481 3031 2608 3088 Haec
2635 3033 2778 3089 enim
2803 3035 3141 3090 laudabiliter
3173 3039 3474 3108 expendit,

198 3117 351 3174 Dixit
371 3128 540 3174 autem
571 3121 688 3186 hoc,
710 3137 814 3174 non
837 3122 958 3191 quia
981 3121 1225 3192 deegenis
1253 3123 1531 3190 pertinebat
1554 3124 1622 3176 ad
1644 3139 1784 3190 eum,
1892 3121 2034 3189 quod
2065 3123 2167 3176 sibi
2200 3138 2295 3191 pro
2333 3124 2502 3181 odore
2526 3139 2639 3182 sum
2667 3128 2846 3182 carnis
2889 3129 3114 3198 turpiter
3157 3129 3477 3188 adhibuerat

199 3211 294 3276 sed
316 3211 438 3278 quia
467 3215 556 3282 fur
577 3221 752 3266 eratet
783 3213 978 3268 loculos
1004 3213 1213 3278 habens,
1241 3229 1302 3268 ea
1330 3229 1443 3282 qua:
1466 3214 1788 3270 mittebantur
1813 3198 1860 3262 C
1894 3210 2050 3281 (Cod.
2085 3214 2225 3267 male
2263 3216 2492 3282 turpitur
2538 3216 2878 3290 adhibuerit),
2929 3221 3133 3277 illicitis
3161 3223 3369 3280 actibus
3396 3224 3478 3279 iu-

197 3306 440 3376 portabat
477 3303 682 3376 (Joan.,
728 3322 823 3370 xu,
881 3305 1026 3376 4-6).
1063 3305 1178 3362 Sub
1222 3315 1482 3376 praetextu
1523 3308 1783 3372 avaritiae,

199 3399 522 3468 mysterium
549 3398 778 3466 loquitur
802 3398 943 3454 ﬁdei.
975 3398 1184 3456 Etenim
1233 3409 1413 3456 nostra
1462 3400 1593 3457 ﬁdes
1617 3401 1787 3456 seriei-

196 3490 308 3546 bus
334 3491 521 3549 decem
553 3507 650 3561 per
676 3506 872 3561 corpus
902 3503 961 3548 et
997 3494 1228 3548 animam
1269 3501 1323 3548 et
1343 3494 1591 3564 spiritum
1615 3495 1790 3564 tripli-

195 3581 361 3652 catis,
385 3583 534 3652 quasi
559 3582 814 3640 trecentis
835 3583 1028 3640 emitur
1044 3583 1300 3640 denariis.
1335 3584 1446 3640 Hoc
1473 3587 1618 3642 enim
1648 3587 1789 3642 desi-

197 3683 400 3746 gnatur
446 3675 500 3735 in
531 3675 717 3732 decem
761 3675 1060 3745 triplicatis,
1104 3677 1246 3747 quod
1278 3678 1329 3732 in
1361 3680 1637 3735 trecentis.
1683 3680 1790 3737 Nos

201 3781 336 3838 ergo
394 3767 538 3824 sicut
587 3767 807 3826 Gedeon
855 3777 1103 3838 tanquam
1159 3780 1516 3828 trecentorum
1555 3774 1786 3829 virorum

200 3872 487 3922 numerum
520 3868 878 3928 assumentes,
921 3860 1329 3934 Allophylorum
1358 3875 1556 3930 castra,
1585 3879 1789 3934 paupe-

201 3964 296 4008 res
325 3951 544 4021 spiritu,
586 3949 770 4010 fractis
800 3953 1102 4024 lagunculis
1127 3957 1346 4022 nostris,
1390 3971 1510 4012 cum
1569 3958 1708 4014 tubis
1735 3969 1792 4016 et

201 4045 438 4103 lucernis
465 4045 826 4112 destruamus,
845 4054 900 4104 et
919 4048 1057 4105 sicut
1081 4048 1350 4104 Abraham
1381 4065 1501 4106 cum
1530 4052 1792 4108 trecentis

203 4136 342 4194 viris
369 4137 540 4206 spolia
570 4137 636 4192 ad
679 4151 963 4208 vesperum
991 4139 1314 4197 dividamus.
1345 4141 1447 4198 Ubi
1476 4143 1672 4199 dicitur
1697 4144 1793 4200 Ju-

202 4228 308 4286 das
328 4228 412 4283 fur
438 4227 622 4294 fuisse,
671 4229 1020 4286 admonemus
1071 4231 1216 4290 fures
1241 4241 1297 4290 et
1321 4235 1614 4307 sacrilegos
1661 4237 1788 4292 tole-

202 4335 352 4381 rare.
381 4320 560 4388 Quare
580 4320 767 4376 habuit
787 4321 1043 4377 Dominus
1069 4322 1292 4390 loculos,
1321 4325 1424 4382 nisi
1446 4327 1569 4397 quia
1603 4326 1790 4383 Eccleo

201 4415 291 4472 sia
313 4413 517 4471 loculos
543 4414 789 4472 habitura
818 4417 973 4478 erat?
1001 4417 1178 4485 Quare
1213 4418 1390 4476 furem
1421 4421 1660 4488 admisit,
1690 4423 1790 4478 nisi

206 4516 274 4563 ut
305 4507 544 4562 Ecclesia
573 4505 720 4563 fures
748 4508 1032 4565 toleraret?
1064 4509 1348 4566 Peculatus
1370 4512 1566 4569 dicitur
1594 4514 1790 4570 furtum

1894 3310 2063 3368 tenta,
2103 3302 2410 3373 priusquam
2462 3304 2690 3362 Domino
2727 3307 3002 3365 familiaris
3049 3312 3219 3366 ﬁeret.
3277 3311 3345 3367 In
3373 3324 3478 3370 toto

1891 3396 2106 3464 mundo,
2139 3411 2243 3452 non
2273 3405 2379 3454 tam
2403 3397 2595 3456 mulier
2615 3399 2714 3456 ista
2737 3439 2752 3465 ,
2809 3415 2967 3471 quam
3021 3402 3258 3460 Ecclesia
3285 3405 3480 3477 praedi-

1891 3496 2061 3550 catur.
2123 3488 2354 3545 Attende
2405 3489 2646 3545 notitiam
2694 3489 3019 3559 futurorum,
3050 3494 3190 3562 quod
3221 3510 3474 3564 passurus

1892 3579 2152 3644 Dominus
2202 3586 2322 3648 post
2351 3593 2552 3649 paucos
2579 3581 2716 3647 dies,
2743 3582 2877 3637 sciat
2923 3583 3268 3654 Evangelium
3320 3599 3474 3642 suum

1893 3676 2008 3734 toto
2037 3669 2170 3726 orbe
2197 3670 2598 3726 celebrandum.
2628 3671 2930 3728 Notandum
2955 3675 3080 3743 quia
3113 3687 3364 3745 quantum
3396 3677 3478 3734 ias

1891 3778 2034 3819 mam
2079 3763 2246 3820 Maria
2302 3764 2494 3835 adepta
2537 3773 2642 3833 est,
2670 3774 2870 3822 tantam
2905 3768 3175 3825 infamiam
3205 3769 3371 3826 ludas
3395 3778 3480 3827 est

1891 3858 2120 3929 adeptus
2155 3877 2169 3915 :
2215 3859 2309 3916 sed
2355 3860 2612 3918 Dominus
2643 3861 2840 3918 bonam
2869 3864 3024 3921 laude
3048 3863 3264 3937 dignam
3295 3879 3477 3922 remu-

1892 3965 2112 4016 nerans,
2159 3952 2363 4008 futuras
2392 3953 2542 4023 impii
2574 3955 2930 4011 contumelias
2956 3958 3180 4013 tacendo
3203 3959 3477 4025 praeteriit.

1963 4043 2051 4100 IV.
2097 4043 2163 4100 Et
2190 4061 2306 4100 cum
2333 4053 2459 4101 esset
2497 4044 2762 4102 Bethania:
2794 4045 2948 4102 Iesus
2992 4051 3047 4102 in
3074 4050 3225 4104 demo
3249 4049 3480 4106 Simonis

1891 4134 2082 4206 leprosi
2115 4135 2308 4207 (Marc.
2341 4152 2448 4202 xlv,
2471 4138 2553 4206 '5),
2603 4140 2835 4208 cognouit
2891 4142 3043 4195 turba
3081 4143 3247 4198 multa
3290 4158 3356 4197 ea:
3377 4141 3479 4198 Ju-

1891 4229 2020 4284 dais
2066 4230 2189 4299 quia
2229 4230 2337 4284 illis
2385 4239 2478 4295 est,
2521 4240 2571 4285 et
2617 4243 2858 4287 uenerunt
2904 4249 3010 4288 non
3055 4244 3262 4307 propter
3304 4235 3483 4291 Iesum

1894 4330 2123 4390 tantum,
2164 4323 2254 4378 sed
2291 4333 2347 4377 ut
2375 4323 2633 4378 Lazarum
2665 4325 2926 4392 viderent,
2962 4341 3111 4396 quem
3153 4330 3414 4384 suscitauit
3450 4343 3484 4384 ι

1890 4416 2108 4470 mortuis
2137 4413 2319 4487 (Joan.
2345 4431 2444 4482 an,
2475 4415 2562 4487 9).
2607 4416 2900 4472 Curiositas
2946 4434 3042 4474 eos
3082 4420 3325 4489 adduxit,
3372 4437 3480 4479 non

1894 4507 2152 4564 cbaritas.
2217 4507 2405 4562 Simon
2428 4508 2696 4577 quondam
2733 4509 2907 4564 fuerat
2935 4498 3201 4580 leprosos,
3235 4513 3328 4568 sed
3358 4523 3485 4572 tunc

202 4601 280 4656 de
307 4601 598 4670 republica.
644 4601 747 4668 Qui
771 4601 972 4672 aliquid
1001 4601 1070 4658 de
1115 4602 1355 4659 Ecclesia
1387 4606 1596 4662 iuratur
1641 4605 1792 4662 inde
1825 4587 1872 4648 υ
1895 4609 2016 4656 erat
2033 4599 2283 4666 mundus,
2305 4601 2430 4670 quia
2457 4613 2490 4655 a
2517 4599 2746 4656 Domino
2762 4611 3004 4668 sanatus,
3031 4613 3282 4659 manante
3305 4605 3484 4664 adhuc

205 4692 470 4764 proditori
495 4704 853 4764 comparatur,
881 4694 950 4750 de
975 4709 1082 4764 quo
1105 4695 1224 4751 solo
1250 4711 1344 4765 per
1375 4699 1789 4768 synecdochem,

203 4783 316 4842 sub
342 4784 534 4854 plurali
575 4799 824 4850 numero,
849 4786 1049 4840 dictum
1088 4786 1355 4853 credunt,
1402 4789 1544 4858 quod
1589 4789 1794 4846 Marcus

207 4874 290 4930 ait
316 4891 330 4928 :
373 4869 678 4930 Fremebant
697 4876 753 4930 in
778 4892 911 4932 eam.
943 4873 1110 4932 Erant
1137 4884 1309 4932 autem
1345 4880 1559 4949 quidam
1583 4881 1793 4953 indigne

211 4967 430 5036 [euntes
455 4965 594 5021 intra
631 4969 926 5037 semetipsos
963 4977 1012 5024 et
1031 4968 1256 5025 dicentes
1285 4985 1304 5024 :
1329 4970 1398 5026 Ut
1424 4973 1552 5042 quid
1577 4973 1795 5044 perditio

212 5058 324 5116 hac
348 5059 591 5130 unguenti
613 5060 749 5131 facta
781 5071 855 5116 est
889 5060 1082 5132 (Mare.
1112 5077 1221 5128 xw,
1243 5061 1300 5129 4,
1325 5062 1420 5133 5)?
1451 5063 1548 5119 Alii
1580 5074 1794 5134 propter

211 5163 482 5221 pauperes
529 5135 788 5220 indignati
819 5160 964 5219 sunt,
1020 5152 1164 5223 quod
1191 5151 1412 5209 forsitan
1441 5154 1620 5210 verbis
1645 5154 1796 5212 lude

213 5255 535 5313 persuasum
577 5251 662 5300 est
703 5241 829 5308 eis;
887 5241 1055 5299 ludas
1111 5257 1240 5300 vero
1300 5253 1520 5313 propter
1564 5244 1793 5300 lucrum.

213 5334 399 5392 Sciens
422 5343 595 5388 autem
619 5332 793 5402 Jesus,
823 5335 898 5389 ait
942 5335 1048 5392 illis
1086 5349 1106 5391 ε
1135 5335 1272 5403 Quid
1300 5335 1499 5391 molesti
1519 5337 1644 5392 estis
1684 5353 1798 5392 mtt-

215 5427 372 5483 Iieri?
405 5425 552 5495 Opus
595 5425 781 5484 bonum
831 5437 1043 5497 operata
1085 5437 1159 5488 est
1203 5430 1257 5484 in
1293 5445 1404 5494 me;
1442 5445 1562 5484 nam
1602 5445 1801 5500 semper

220 5534 474 5590 pauperes
503 5518 696 5574 habetis
725 5521 1006 5588 uobiscum,
1056 5531 1103 5576 et
1145 5537 1264 5577 cum
1307 5522 1569 5578 volueritis
1594 5524 1800 5592 potestis

219 5610 327 5666 illis
382 5610 720 5680 benefacere;
785 5627 864 5666 me
916 5621 1089 5668 autem
1145 5629 1245 5668 non
1297 5629 1494 5684 semper
1557 5614 1803 5670 habebitis

223 5699 444 5774 (Hatth.
473 5718 624 5770 nrt,
671 5704 758 5770 l0,
788 5704 877 5772 ll,
907 5713 954 5761 et
980 5704 1147 5762 Marc.
1181 5721 1290 5773 nr,
1330 5707 1386 5777 6,
1416 5705 1516 5778 7.).
1561 5708 1724 5764 Bonis
1749 5717 1805 5764 et

229 5793 389 5851 malis
416 5795 652 5866 loquitur
671 5796 740 5854 de
764 5799 1049 5868 praesentia
1073 5801 1314 5872 corporis
1337 5801 1444 5859 sui.
1467 5801 1632 5861 Sedet
1657 5804 1804 5863 enim

1897 4693 1946 4748 ei
2005 4693 2226 4761 pristino
2287 4695 2527 4757 nomine,
2580 4693 2719 4747 sicut
2789 4693 3072 4748 Matthatus
3123 4695 3283 4748 etiam
3343 4711 3486 4750 nunc

1895 4786 2194 4854 appellatur
2216 4783 2542 4839 Publicanus
2558 4824 2573 4847 ,
2597 4784 2722 4837 licet
2749 4783 2974 4840 desierit
2997 4797 3118 4839 esse
3143 4785 3477 4852 publicanus.

1893 4881 2123 4948 Quidam
2167 4894 2262 4949 per
2298 4879 2576 4934 Simonem
2623 4876 2918 4948 intelligunt
2970 4877 3157 4935 ﬁdeles
3191 4894 3223 4934 a
3258 4879 3485 4935 Domino

1895 4971 2185 5027 mandatos
2231 4984 2262 5024 a
2305 4968 2562 5039 peccatis.
2615 4967 3004 5037 Interpretatur
3048 4969 3192 5024 enim
3228 4971 3486 5027 obediens

1899 5065 1984 5120 vel
2034 5063 2284 5120 mundus.
2346 5061 2447 5116 Per
2486 5069 2762 5130 peccatum
2818 5070 2996 5116 autem
3045 5062 3205 5131 primi
3253 5061 3488 5119 hominis

1901 5159 2041 5214 iacta
2071 5157 2167 5212 fuit
2199 5165 2339 5211 terra
2366 5154 2558 5211 donius
2607 5154 2842 5210 Simonis
2872 5153 3093 5224 leprosl.
3126 5153 3489 5225 Cogitauerunt

1905 5257 2075 5304 auum
2100 5247 2356 5316 principes
2375 5245 2717 5308 sacerdotum,
2749 5253 2804 5297 ut
2832 5242 3090 5298 Lazarum
3120 5244 3485 5314 interficerent,

1905 5342 2030 5412 quia
2053 5340 2200 5394 multi
2209 5347 2434 5408 ,propter
2463 5338 2610 5392 illum
2637 5336 2844 5390 abibant
2871 5353 2938 5391 ea:
2963 5337 3188 5404 Iudicis,
3223 5346 3272 5391 et
3314 5336 3492 5390 crede-

1911 5437 2029 5490 baut
2045 5436 2100 5488 in
2121 5432 2303 5488 Iesum
2328 5430 2508 5502 (lacn.
2535 5445 2627 5492 xu,
2650 5429 2738 5494 10,
2763 5429 2876 5499 ll).
2900 5433 2945 5485 0
2964 5431 3124 5484 stulta
3141 5429 3416 5498 cogitatio,
3437 5436 3496 5483 et

1907 5541 2049 5583 caeca
2062 5523 2284 5581 saevitia!
2305 5521 2405 5590 Qui
2418 5520 2732 5592 (mortuum)
2747 5519 3008 5576 suscitare
3025 5520 3196 5590 potuit
3207 5519 3491 5583 Lazarum,

1909 5634 2017 5676 aon
2048 5622 2232 5690 posset
2249 5614 2508 5669 suscitare
2526 5611 2798 5668 occisam?
2818 5612 3044 5681 Quando
3067 5611 3277 5668 Lazaro
3297 5610 3501 5672 infero.

1899 5712 2050 5768 hstis
2089 5720 2272 5764 necem
2297 5749 2313 5776 ,
2338 5703 2593 5774 numquid
2624 5702 2950 5761 auferebatis
2989 5703 3216 5758 Domino
3259 5711 3502 5772 potesta-

1912 5803 2057 5861 tem?
2081 5801 2184 5859 Sed
2207 5799 2356 5855 aliud
2387 5796 2537 5854 vobis
2559 5795 2772 5855 videtur
2799 5805 3063 5863 mortuus,
3087 5795 3229 5854 aliud
3257 5794 3505 5856 occisas.
