4018 6496
576 370 719 469 tals

1488 393 1846 456 VARIORUM
1883 386 2389 447 OPUSCULORUM
2425 385 2482 443 S.
2526 382 2892 442 AUGUSTINI

3725 373 3846 432 1216

573 529 713 588 Ecce
735 535 1016 596 utrumque
1043 520 1300 580 Dominus
1327 517 1470 586 fecit,
1494 524 1549 573 et
1568 515 1828 570 Lazarum
1855 518 2145 574 mortuum,
2175 505 2230 566 Α
2253 503 2400 596 cipes
2427 501 2732 558 Iudaeorum
2779 512 2904 554 eum
2951 509 3060 596 non
3097 491 3513 596 intelligeban-t,
3543 490 3599 546 in
3623 503 3736 555 quo
3753 488 3850 544 in-

575 632 634 680 et
660 635 720 677 se
747 615 1028 675 suscitavit
1050 615 1312 671 occisum.

649 714 711 769 V.
754 711 821 766 In
860 711 1140 766 crastinum
1191 715 1361 761 autem
1400 703 1547 758 turba
1581 701 1764 767 multa,
1795 713 1909 770 quis
1949 702 2155 752 venerat

575 806 643 860 ad
667 804 802 858 diem
831 802 1036 871 festum,
1075 815 1193 853 cum
1220 797 1479 851 audissent
1523 794 1644 865 quia
1672 792 1804 846 venit
1831 788 1984 843 Iesus
2007 784 2156 840 Jero-

573 902 845 970 solymam,
875 903 1181 966 acceperunt
1201 908 1372 947 ramos
1396 889 1704 960 palmarum,
1732 893 1780 940 et
1806 888 2158 954 processerunt

574 995 772 1050 obviam
804 991 872 1056 ei,
901 998 949 1045 et
971 987 1260 1043 clamabant
1288 1001 1306 1039 :
1340 982 1618 1038 Hosanna!
1650 979 1935 1034 benedictus
1963 975 2051 1044 qui
2076 989 2158 1028 ue-

573 1089 648 1142 nit
693 1087 748 1140 in
777 1084 980 1140 nomine
1009 1080 1215 1136 Domini
1250 1079 1363 1134 Rea:
1397 1075 1565 1130 Israel
1595 1071 1772 1142 (Joan.
1809 1085 1904 1135 xn,
1932 1067 2017 1135 12,
2046 1065 2154 1137 15).

578 1180 731 1236 Rami
762 1179 1058 1250 palmarum
1089 1173 1274 1230 laudes
1311 1178 1435 1228 sunt
1463 1167 1826 1240 signiﬁcantes
1856 1163 2158 1226 victoriam,

578 1292 686 1346 qua
729 1283 847 1331 erat
887 1273 1145 1328 Dominus
1193 1277 1417 1325 mortem
1467 1263 1746 1320 moriendo
1791 1266 2157 1330 superaturus,

583 1376 640 1423 et
670 1365 907 1433 trophaeo
930 1363 1122 1419 Crucis
1147 1361 1215 1416 de
1241 1358 1456 1415 diabolo
1484 1359 1676 1412 mortis
1706 1351 1947 1422 principe
1976 1351 2164 1405 trium-

581 1459 861 1528 phaturus.
894 1457 1012 1512 Vox
1033 1463 1213 1511 autem
1244 1452 1577 1508 obsecrantis
1605 1456 1688 1504 est
1713 1446 1996 1509 Hosanna;
2027 1441 2165 1498 sicut

581 1552 824 1608 nonnulli
872 1550 1058 1607 dicunt
1105 1549 1196 1620 qui
1239 1546 1510 1603 hebrteam
1579 1541 1813 1612 linguam
1879 1543 2162 1600 noverunt,

580 1647 751 1718 magis
790 1645 1038 1701 allectum
1082 1643 1323 1699 indicans
1352 1653 1511 1711 quam
1545 1651 1657 1694 rem
1701 1635 1931 1704 aliquam
1964 1629 2166 1702 signiﬁ-

581 1757 744 1807 cans;
786 1741 924 1796 sicut
950 1746 1075 1794 sunt
1108 1736 1161 1792 in
1185 1738 1361 1805 lingua
1391 1734 1556 1790 latina
1585 1747 1719 1803 quas
1765 1727 2166 1800 interjectiones

576 1840 790 1898 vocant,
819 1831 960 1886 velut
1004 1845 1127 1884 cum
1173 1827 1420 1883 dolentes
1446 1824 1710 1890 dicimus,
1743 1821 1885 1878 ben!
1934 1819 2019 1874 vel
2044 1832 2166 1876 cum

2255 595 2539 666 plebantur
2559 606 2678 663 qum
2708 592 2977 662 legebant.
3025 588 3244 644 Invenit
3285 601 3407 657 ergo
3432 583 3594 640 Iesus
3619 585 3850 651 uella,

2255 699 2303 744 et
2348 688 2480 743 sedit
2523 701 2676 757 super
2717 701 2857 751 eum,
2886 684 3020 738 sicut
3047 682 3308 750 scriptum
3333 688 3407 734 est
3430 692 3454 734 :
3491 674 3624 732 Noli
3661 677 3854 742 timere,

2257 781 2371 849 ﬁlia
2399 779 2568 844 Sion;
2609 793 2720 833 ecce
2756 792 2848 832 rea:
2891 784 3010 829 tuus
3035 775 3199 838 venit,
3229 773 3420 828 sedens
3472 785 3633 840 super
3661 768 3856 838 pulla-

2258 871 2419 926 asinaz
2447 867 2612 939 (Ibid.
2642 866 2753 936 I5).
2803 866 2860 922 In
2890 866 2984 921 illo
3023 880 3158 934 ergo
3181 864 3384 935 populo
3411 873 3536 919 erat
3559 861 3669 916 ﬁlia
3695 859 3856 916 Sina:

2261 961 2402 1032 (ipsa
2429 968 2514 1018 est
2535 959 2858 1025 Ierusalem,
2884 974 3003 1028 qua:
3031 956 3190 1029 Sion)
3217 975 3232 1024 ;
3260 957 3316 1012 in
3341 955 3464 1021 illo,
3494 955 3746 1024 inquam,
3773 966 3857 1021 po-

2261 1051 2386 1123 pulo
2415 1050 2644 1121 reprobo
2685 1059 2739 1105 et
2781 1062 2928 1106 casco
2951 1057 3076 1105 erat
3118 1059 3302 1104 tamen
3331 1046 3446 1101 ﬁlia
3478 1044 3641 1108 Sion,
3665 1045 3760 1100 cui
3785 1044 3858 1097 di-

2261 1155 2507 1202 ceretur:
2527 1145 2655 1200 Noli
2681 1145 2879 1200 timere.
2899 1143 3031 1199 Ecce
3059 1159 3154 1198 rex
3177 1153 3298 1198 tuus
3321 1144 3461 1196 venit
3481 1157 3645 1209 super
3669 1140 3859 1208 pulla-

2263 1241 2444 1295 asinae.
2467 1238 2594 1294 Haec
2639 1238 2745 1293 ﬁlia
2766 1237 2893 1294 Sion
2935 1237 3020 1293 cui
3049 1236 3310 1292 divinitus
3347 1235 3456 1290 ista
3486 1233 3770 1297 dicuntur,
3811 1233 3862 1285 ia

2263 1333 2370 1389 illis
2411 1342 2527 1388 erat
2573 1331 2763 1389 ovibus
2791 1343 2912 1402 quae
2938 1344 3125 1386 vocem
3175 1328 3410 1399 pastoris
3455 1325 3788 1389 audiebant;
3813 1325 3863 1378 ia

2264 1423 2354 1481 illa
2384 1433 2501 1479 erat
2537 1423 2876 1480 multitudine
2917 1438 3036 1494 qua:
3065 1421 3349 1477 Dominum
3381 1419 3700 1476 venientem
3723 1427 3862 1472 tanta

2265 1516 2551 1573 devotione
2577 1516 2850 1582 laudabat,
2886 1524 3034 1571 tanto
3063 1513 3278 1585 agmine
3320 1512 3680 1574 deducebat;
3705 1511 3753 1564 ei
3781 1511 3860 1564 di-

2267 1620 2412 1668 ctum
2437 1619 2523 1668 est
2549 1627 2564 1666 :
2598 1609 2727 1666 Noli
2762 1611 2962 1677 timere,
2989 1609 3139 1664 illum
3168 1624 3390 1680 agnosce
3411 1608 3505 1678 qui
3554 1623 3591 1659 a
3620 1614 3670 1660 te
3694 1606 3858 1658 lauda-

2269 1715 2389 1772 tur;
2428 1714 2476 1761 et
2498 1704 2609 1760 noli
2649 1704 2904 1775 trepidare
2943 1719 3059 1758 cum
3102 1702 3323 1773 patitur,
3369 1699 3498 1770 quia
3541 1697 3640 1752 ille
3663 1699 3860 1766 sagi

2271 1798 2506 1869 funditur
2529 1815 2618 1868 per
2640 1813 2788 1868 quem
2821 1806 2969 1852 tuum
2993 1794 3239 1849 delictum
3267 1793 3526 1856 deleatur,
3553 1799 3606 1844 et
3631 1792 3736 1843 cita
3757 1789 3856 1843 red-

579 1923 929 1989 delectamur,
971 1921 1198 1977 dicimus
1236 1919 1339 1974 vah
1379 1920 1394 1972 ι
1431 1916 1518 1974 vel
1562 1931 1682 1971 cum
1730 1916 1987 1970 miramur
2033 1911 2166 1967 dici-

2281 1894 2443 1949 latur.
2469 1892 2573 1948 Sed
2603 1890 2803 1962 pullum
2838 1889 3002 1944 asina:
3042 1887 3095 1942 in
3121 1900 3230 1957 quo
3255 1898 3422 1941 nemo
3465 1882 3694 1940 sederat
3751 1883 3858 1949 (hc

581 2030 721 2080 mus,
755 2015 798 2069 Ο
829 2030 939 2069 rem
969 2013 1252 2084 magnam!
1295 2013 1447 2067 'I‘unc
1475 2011 1622 2086 enim
1647 2009 1692 2066 Ο
1722 2008 1853 2065 nihil
1882 2006 2164 2076 signiﬁcat,

581 2109 684 2164 nisi
725 2106 969 2163 mirantis
1024 2105 1307 2172 allectum;
1351 2104 1492 2176 quod
1549 2103 1672 2158 ideo
1717 2098 2040 2157 credendum
2085 2104 2170 2153 est

578 2199 652 2256 lta
682 2212 833 2263 esse,
863 2194 987 2267 quia
1020 2209 1195 2266 neque
1225 2208 1456 2263 graecus,
1503 2206 1677 2262 neque
1704 2190 1919 2257 latinus,
1951 2189 2052 2243 hoc
2081 2187 2167 2242 in-

585 2288 868 2358 terpretari
915 2285 1108 2356 potuit,
1143 2286 1282 2339 sicut
1331 2283 1482 2348 illud,
1528 2283 1616 2352 qui
1657 2281 1845 2336 dixerit
1882 2280 2032 2352 fratri
2077 2294 2170 2334 suo

584 2378 727 2435 Raca
748 2375 964 2450 (Matth.
992 2391 1048 2441 v,
1072 2373 1184 2446 12).
1207 2373 1337 2430 Nam
1361 2382 1417 2431 et
1438 2375 1551 2429 haec
1580 2372 1881 2443 interiectio
1909 2385 2026 2426 esse
2052 2385 2171 2440 per-

584 2468 842 2539 hibetur,
922 2469 1173 2524 alIectum
1248 2466 1574 2537 indignantis
1641 2464 1954 2519 ostendens.
2009 2461 2172 2518 Bene-

585 2561 748 2617 dictus
795 2572 969 2616 autem
994 2560 1084 2633 qui
1108 2560 1241 2616 venit
1283 2561 1336 2614 in
1375 2559 1580 2614 nomine
1594 2556 1823 2624 Domini,
1855 2571 1947 2610 rea:
1983 2553 2172 2610 Israel.

587 2656 676 2714 Sic
703 2657 877 2726 potius
905 2653 1274 2724 accipiendum
1302 2663 1408 2718 est,
1443 2661 1495 2708 ut
1523 2653 1574 2706 in
1609 2651 1822 2705 nomine
1854 2647 2085 2715 Domini,
2121 2646 2173 2702 in

589 2749 806 2804 nomine
829 2747 925 2802 Dei
954 2746 1128 2800 Patris
1173 2745 1520 2815 intelligatur,
1547 2744 1792 2813 quamvis
1825 2741 1991 2810 possit
2015 2739 2174 2795 etiam

587 2845 641 2902 in
685 2843 902 2899 nomine
939 2855 1062 2907 suo,
1099 2839 1222 2909 quia
1264 2837 1377 2907 ipse
1404 2837 1661 2892 Dominus
1702 2844 1803 2890 est.
1852 2833 2006 2889 Unde
2047 2830 2176 2887 alibi

590 2937 847 3004 scriptum
876 2942 959 2989 est
988 2951 1001 2987 :
1034 2930 1178 2986 Pluit
1206 2930 1456 2984 Dominus
1507 2946 1537 2982 a
1567 2928 1820 2990 Domino;
1871 2924 1966 2981 sed
2014 2923 2177 2980 verba

588 3025 707 3095 ejus
746 3024 941 3079 melius
984 3032 1224 3077 nostrum
1271 3019 1509 3089 dirigunt
1550 3017 1904 3080 intellectum,
1936 3013 2025 3084 qui
2066 3011 2172 3066 ait:

591 3116 704 3189 Ego
744 3116 856 3170 veni
884 3116 938 3169 in
966 3115 1170 3169 nomine
1196 3111 1372 3167 Patris
1401 3113 1522 3176 mei,
1553 3120 1598 3164 et
1628 3126 1732 3163 non
1756 3107 2048 3175 suscepistis
2077 3121 2176 3161 me.

591 3209 739 3263 Alius
767 3207 926 3262 veniet
966 3207 1018 3259 in
1045 3205 1250 3260 nomine
1277 3219 1402 3268 suo,
1432 3203 1566 3256 hunc
1593 3199 1880 3269 suscipietis
1909 3197 2088 3269 (Joan.
2123 3215 2176 3264 v,

587 3299 703 3369 ts).
739 3297 1061 3354 Ilumilitatis
1107 3295 1250 3351 enim
1278 3295 1532 3364 magister
1578 3301 1661 3349 est
1687 3292 1932 3347 Christus
1957 3269 2248 3360 qni‘ltu-C

591 3396 808 3451 miliavit
834 3394 1159 3462 semetipsum
1191 3395 1360 3462 factus
1387 3391 1624 3446 obediens
1652 3405 1812 3459 usque
1837 3388 1906 3443 ad
1935 3397 2172 3456 mortem,

596 3495 809 3541 mortem
841 3492 1012 3537 autem
1037 3482 1202 3536 crucis
1233 3479 1454 3551 (Philip.
1481 3495 1541 3545 II,
1563 3477 1641 3549 8).
1673 3479 1788 3534 Νοη
1817 3479 1995 3548 itaque
2023 3479 2178 3532 amit-

594 3577 662 3632 tit
712 3573 1067 3640 divinitatem,
1098 3571 1312 3643 quando
1358 3584 1458 3626 nos
1494 3571 1653 3626 docet
1698 3569 2072 3624 humilitatem.
2119 3568 2177 3623 In

594 3667 690 3724 illa
715 3668 858 3723 Patri
885 3675 967 3724 est
996 3665 1238 3734 aequalis,
1269 3663 1324 3718 in
1355 3661 1457 3718 hac
1486 3661 1640 3718 nobis
1667 3661 1876 3716 similis.
1908 3661 2008 3716 Per
2037 3657 2180 3731 quod

595 3761 742 3818 Patri
788 3769 870 3817 est
919 3758 1180 3829 aequalis,
1248 3770 1346 3812 nos
1393 3765 1453 3812 ut
1509 3769 1750 3811 essemus
1804 3754 2036 3820 creavit;
2088 3767 2182 3823 per

597 3852 740 3924 quod
790 3852 943 3909 nobis
985 3859 1068 3906 est
1094 3850 1319 3916 similis,
1346 3863 1414 3904 ne
1457 3848 1756 3918 periremus
1797 3847 2042 3903 redemit.
2076 3845 2184 3902 ﬂas

600 3946 651 4002 ei
683 3946 865 4000 laudes
893 3943 1101 3999 dicebat
1140 3942 1293 3997 turba
1323 3959 1335 3994 :
1371 3939 1645 4007 Hosanna,
1671 3940 1959 3996 benedictus
1983 3940 2070 4009 qui
2101 3955 2184 3993 ve-

599 4038 675 4093 nit
721 4037 778 4090 in
820 4035 1022 4090 nomine
1061 4033 1311 4099 Domini,
1361 4048 1453 4107 rea:
1505 4031 1693 4088 Israel.
1753 4032 1930 4101 Quam
1968 4044 2185 4086 crucem

601 4129 796 4185 mentis
874 4124 1169 4181 invidentia
1237 4123 1536 4193 principum
1603 4122 1913 4178 Iudaeorum
1983 4123 2187 4193 perpeti

603 4225 831 4288 poterat.
861 4214 1076 4286 quando
1106 4229 1302 4284 regem
1338 4229 1494 4269 suum
1519 4213 1792 4270 Christum
1841 4219 1988 4268 tanta
2048 4213 2188 4268 mul-

603 4310 774 4368 titudo
796 4305 1092 4366 clamabat!
1125 4305 1231 4363 Sed
1257 4305 1385 4373 quid
1415 4306 1514 4360 luit
1534 4304 1764 4360 Domino
1803 4319 1982 4374 regem
2026 4303 2188 4360 Israel

605 4400 759 4456 esse?
797 4397 922 4469 quid
968 4411 1219 4466 magnum
1267 4393 1369 4451 fuit
1411 4395 1525 4465 regi
1577 4395 1896 4451 saeculorum
1925 4435 1941 4462 ,
2003 4410 2187 4466 regem

605 4493 725 4550 ﬁeri
772 4490 1087 4546 hominum?
1130 4488 1248 4543 Non
1297 4489 1442 4544 enim
1491 4503 1584 4542 rex
1630 4487 1793 4543 Israel
1833 4485 2078 4541 Christus
2121 4485 2188 4542 ad

605 4581 928 4655 exigendum
974 4579 1233 4636 tributum
1257 4619 1273 4645 ,
1317 4579 1403 4636 vel
1443 4579 1586 4635 ferro
1628 4579 1921 4634 exercitum
1971 4593 2189 4634 arman-

2269 1986 2410 2043 enim
2442 1985 2582 2054 apud
2607 1983 2743 2038 alios
2764 1979 3118 2050 evangelistas
3142 1974 3859 2045 invenerunt),intelliginu

2269 2077 2523 2150 populum
2553 2075 2811 2149 gentium,
2835 2075 2925 2144 qui
2950 2073 3121 2142 legem
3147 2070 3364 2126 Domini
3391 2083 3506 2126 non
3535 2077 3858 2138 accepant;

2271 2173 2476 2228 asinam
2505 2185 2662 2235 vero,
2695 2169 2820 2238 quia
2851 2176 3141 2236 utrumque
3164 2165 3475 2236 iumentum
3511 2163 3752 2219 Domino
3775 2162 3862 2217 ad-

2271 2266 2490 2321 ductum
2538 2271 2643 2328 est,
2693 2261 2902 2331 plebem
2951 2260 3067 2327 ejus
3112 2272 3235 2329 qua:
3274 2255 3639 2313 veniebatex
3677 2253 3861 2324 populo

2273 2356 2437 2414 Israel
2481 2370 2586 2411 non
2631 2353 2944 2410 indomitam
2974 2349 3158 2421 plane,
3205 2349 3302 2404 sed
3331 2362 3457 2417 qua:
3487 2360 3742 2417 prasepe
3771 2345 3860 2401 Do-

2273 2450 2404 2506 mini
2451 2447 2686 2519 agnovit.
2733 2443 2865 2500 Iltec
2904 2459 3009 2499 nou
3055 2449 3401 2514 cognoverunt
3452 2439 3706 2510 discipuli
3765 2439 3860 2509 ejus

2275 2543 2540 2615 primum,
2586 2540 2680 2595 sed
2729 2537 2940 2608 quando
2989 2537 3313 2610 glori/iectus
3364 2542 3444 2589 est
3485 2532 3670 2600 Iesus,
3693 2533 3744 2586 id
3786 2541 3863 2587 est

2282 2635 2498 2705 quando
2536 2636 2792 2687 virtutem
2821 2643 2932 2684 sua
2977 2625 3389 2684 resurrectionis
3441 2625 3690 2680 ostendit
3718 2665 3734 2689 ,
3757 2633 3864 2678 tuae

2275 2729 2529 2784 recordati
2555 2734 2672 2780 sunt
2699 2725 2819 2795 quia
2846 2725 2955 2778 hinc
2983 2731 3131 2778 erant
3153 2723 3351 2791 scripta
3373 2723 3440 2774 de
3472 2736 3533 2775 eo
3558 2719 3748 2790 (han.
3777 2734 3859 2788 xu,

2279 2818 2404 2890 I6);
2432 2819 2730 2874 recolentes
2756 2817 2953 2887 quippe
2980 2815 3272 2872 secundum
3307 2815 3710 2883 scripturarum
3741 2813 3861 2880 (elo-

2276 2914 2425 2988 quia)
2451 2929 2572 2986 qua:
2599 2920 2725 2969 ante
2767 2912 3071 2984 passionem
3120 2911 3207 2968 vel
3253 2909 3308 2964 in
3359 2909 3588 2965 Domini
3634 2908 3864 2979 passione

2279 3008 2542 3078 completa
2569 3016 2712 3073 sunt,
2745 3007 2820 3061 ibi
2851 3007 3028 3062 ethoc
3059 3005 3384 3060 invenerunt
3405 3004 3558 3072 quod
3582 3002 3864 3060 secundum

2277 3101 2494 3167 eloquia
2524 3101 2902 3172 prophetarum
2932 3100 2984 3152 in
3010 3099 3156 3167 pullo
3184 3098 3352 3152 asina:
3376 3095 3613 3152 sederit.

2351 3192 2462 3250 VII.
2507 3192 2870 3248 Testimonium
2915 3205 3036 3260 ergo
3076 3189 3369 3261 perhibebat
3414 3188 3572 3242 turba
3617 3204 3735 3258 quc
3772 3195 3866 3242 aut

2277 3301 2394 3340 cum
2426 3302 2514 3350 eo,
2545 3285 2751 3357 quando
2787 3281 3046 3337 Lazarum
3086 3282 3282 3336 vocavit
3323 3281 3391 3334 de
3428 3291 3796 3345 monumenta,
3821 3287 3865 3334 et

2277 3378 2537 3434 suscitavit
2557 3394 2673 3433 eum
2709 3393 2741 3430 a
2767 3376 3004 3430 mortuis.
3032 3373 3318 3445 PrOpterea
3355 3381 3406 3425 et
3434 3373 3646 3426 obuiam
3674 3374 3799 3427 venit
3823 3373 3866 3426 ei

2277 3471 2447 3534 turba,
2473 3470 2592 3538 quia
2617 3468 2889 3522 audierunt
2917 3482 3032 3520 eum
3052 3465 3233 3536 fecisse
3256 3464 3356 3517 hoc
3381 3461 3865 3535 signum.Plrazit¢i

2280 3579 2398 3635 ergo
2423 3564 2659 3618 dixerunt
2703 3565 2772 3614 ad
2797 3561 3091 3630 semetipsos
3122 3576 3138 3612 :
3178 3557 3380 3612 Videtis
3409 3559 3542 3628 quia
3567 3561 3702 3612 nihil
3729 3558 3865 3625 proﬁ-

2280 3656 2460 3719 cimus,
2493 3670 2605 3709 ecce
2633 3653 2850 3708 mundus
2873 3661 3005 3706 totus
3031 3659 3142 3721 post
3166 3666 3281 3705 eum
3307 3650 3434 3704 abiit
3459 3649 3636 3720 (Ibid.
3657 3652 3743 3719 I7,
3770 3650 3860 3716 I8).

2284 3745 2706 3815 Pmphetahant,
2737 3744 2834 3801 sed
2879 3743 3208 3800 nescientes.
3259 3743 3402 3808 Quid
3430 3746 3636 3798 mirum
3669 3745 3711 3799 si
3758 3752 3864 3811 post

2281 3854 2403 3896 eum
2449 3839 2596 3894 vadit
2641 3836 3034 3908 mundus,’per
3069 3851 3228 3906 quem
3257 3828 3432 3892 factus
3479 3847 3569 3894 est
3613 3837 3866 3893 mundus!

2284 3930 2452 3986 Erant
2492 3937 2663 3984 autem
2701 3931 2915 4001 gentiles
2950 3930 3158 3999 quidam
3187 3946 3252 3985 ea:
3275 3929 3361 3984 his
3385 3931 3480 4000 qui
3519 3934 3866 3996 ascenderat,

2285 4033 2343 4078 ut
2369 4022 2643 4078 adorarent
2670 4023 2726 4076 in
2755 4023 2838 4076 die
2865 4024 2992 4092 festo
3015 4038 3035 4076 :
3062 4021 3119 4076 hi
3143 4039 3268 4093 ergo
3291 4034 3632 4078 accesserunt
3657 4025 3728 4077 ad
3755 4021 3870 4076 Ριξ-

2285 4118 2485 4189 lippum
2512 4118 2600 4187 qui
2626 4127 2782 4171 erata
2807 4115 3088 4171 Bethsaida
3119 4115 3371 4184 Galiltece,
3404 4126 3454 4171 et
3485 4120 3744 4188 rogabant
3768 4135 3867 4172 en

2286 4213 2509 4266 dicentes
2537 4225 2556 4264 :
2584 4209 2819 4274 Domine,
2859 4210 3091 4264 volumus
3114 4209 3292 4264 Iesum
3334 4210 3538 4270 videre.
3576 4209 3726 4266 Venit
3756 4211 3867 4264 Phi-

2287 4305 2465 4373 lippus
2491 4311 2542 4358 et
2571 4303 2694 4357 dicit
2714 4301 3066 4358 Androm..."
3095 4303 3328 4358 Andreas
3356 4319 3569 4358 rursum
3603 4314 3655 4358 et
3681 4303 3870 4374 Philip-

2289 4416 2386 4469 pus
2415 4400 2655 4454 dixerunt
2675 4397 2825 4452 Jesu.
2872 4395 3026 4452 Iesus
3054 4405 3222 4451 autem
3259 4398 3530 4466 respondit
3568 4399 3645 4450 eis
3676 4400 3870 4452 diem:

2297 4488 2449 4544 Venit
2489 4490 2615 4545 hora
2654 4496 2709 4540 ut
2751 4486 3064 4556 clariﬁcetur
3099 4485 3266 4539 Filius
3306 4485 3539 4542 hominis
3570 4485 3753 4556 (Joan.
3783 4503 3869 4552 xu,

2288 4581 2527 4651 20,-23).
2566 4582 2689 4638 Ideo
2726 4582 2796 4636 ita
2827 4578 3105 4650 respondit
3147 4578 3428 4647 Damius,
3477 4589 3542 4634 ut
3595 4580 3871 4634 insinuaret

606 4641 765 4741 (111ιῖ³,
817 4672 1109 4741 ιιοειθειιιιθ
1159 4641 1443 4726 “Si-bili“?
1499 4667 1881 4734 debellandos;
1931 4667 2029 4723 88d
2087 4682 2186 4725 rex
2212 4641 2267 4700 Β
2296 4641 2676 4746 plenitudinem
2722 4641 3045 4728 credituram
3077 4680 3202 4741 post
3242 4641 3552 4740 passionem
3597 4686 3782 4737 suam,
3811 4685 3868 4725 eo

609 4766 775 4826 Israel
818 4763 963 4836 quod
990 4772 1200 4820 mentes
1247 4769 1418 4833 regat,
1469 4760 1612 4832 quod
1659 4761 1712 4815 in
1757 4770 2018 4816 aeternum
2061 4774 2191 4816 con-

607 4859 770 4930 sulat,
803 4857 947 4930 quod
977 4856 1031 4911 in
1064 4870 1287 4925 regnum
1325 4853 1586 4910 cmlorum
1620 4851 1928 4919 credentes,
1967 4865 2192 4920 speran-

617 4962 718 5019 tes,
750 4959 1097 5018 amantesque
1126 4945 1408 5018 perducat.
1451 4945 1546 5001 Dei
1593 4959 1723 5015 ergo
1755 4944 1924 5000 Filius
1971 4943 2195 5014 aequalis

615 5045 782 5112 Patri,
811 5042 1048 5098 Verbum
1081 5055 1174 5110 per
1199 5040 1341 5110 quod
1369 5039 1503 5094 facta
1531 5045 1659 5094 sunt
1685 5035 1890 5106 omnia,
1925 5036 2069 5107 quod
2094 5050 2193 5092 rex

617 5137 786 5192 voluit
829 5133 931 5189 dici
984 5130 1172 5204 [Deest
1197 5131 1299 5184 dici
1323 5129 1376 5186 in
1403 5126 1551 5200 cod.]
1599 5129 1784 5192 Israel,
1828 5126 2064 5198 dignatio
2110 5134 2196 5182 est

619 5242 726 5284 non
755 5224 1021 5296 promotio
1050 5239 1064 5276 :
1091 5221 1453 5279 miserationis
1476 5220 1736 5292 judicium
1765 5229 1870 5286 est,
1900 5233 2007 5274 non
2038 5224 2193 5288 pote-

617 5319 770 5376 statis
794 5323 1171 5388 augmentum;
1199 5315 1288 5383 qui
1331 5315 1475 5370 enim
1517 5313 1818 5383 appellatus
1845 5320 1927 5368 est
1964 5310 2020 5367 in
2048 5320 2192 5368 terra

617 5428 712 5471 rex
748 5411 1080 5475 Iudaeorum,
1106 5408 1160 5462 in
1203 5406 1354 5464 malis
1389 5415 1472 5464 est
1496 5407 1758 5463 Dominus
1789 5406 2121 5477 angeloru.

695 5505 782 5561 VI.
827 5505 894 5558 Et
938 5499 1298 5558 invenitJesus
1326 5502 1570 5568 asellum,
1617 5508 1664 5554 et
1708 5500 1838 5555 sedit
1883 5516 2038 5569 super
2083 5515 2197 5554 eum

621 5599 798 5669 (Josn.
839 5613 935 5663 ιιι,
963 5595 1076 5668 II).
1102 5595 1201 5651 Hic
1227 5594 1467 5650 breviter
1491 5593 1690 5649 dictum
1720 5603 1821 5649 est.
1844 5591 1976 5648 Nam
2006 5607 2196 5664 quem-

622 5691 910 5749 admodum
953 5689 1024 5743 sit
1069 5689 1262 5743 lacmm
1319 5686 1458 5756 apud
1503 5687 1636 5742 alios
1665 5686 2026 5754 evangelistas
2080 5685 2196 5755 ple-

627 5785 848 5841 nissime
871 5781 1086 5853 legitur.
1129 5779 1423 5837 Adhibetur
1455 5793 1587 5834 vero
1615 5779 1738 5834 huic
1785 5778 1926 5833 facto
1967 5774 2194 5846 prophe-

625 5875 789 5932 ticum
819 5872 1176 5932 testimonium
1199 5916 1214 5945 ,
1247 5881 1306 5932 ut
1327 5880 1611 5947 appareret
1635 5871 1776 5946 quod
1805 5870 2020 5942 maligni
2052 5869 2201 5956 prinf

2296 4769 2349 4822 in
2377 4767 2532 4823 ctelis
2561 4766 2878 4837 gloriﬁcato.
2913 4766 3097 4833 Amen,
3128 4779 3280 4818 amen
3305 4763 3425 4817 dico
3450 4764 3616 4828 vobis,
3647 4766 3748 4819 nisi
3769 4780 3870 4835 grs-

2295 4877 2418 4916 num
2443 4859 2687 4927 frumenti
2717 4859 2905 4913 cadens
2933 4858 2989 4910 in
3017 4866 3206 4910 terram
3233 4865 3495 4910 mortuum
3521 4856 3700 4924 fuerit,
3723 4857 3870 4925 ipsus

2297 4953 2464 5010 solum
2489 4960 2695 5016 manet;
2736 4951 2782 5005 si
2824 4958 2994 5004 autent
3021 4958 3283 5003 mortuum
3313 4947 3495 5018 fuerit,
3527 4949 3744 5001 multum
3771 4951 3872 5015 {ru-

2299 5054 2438 5100 ctnm
2465 5043 2617 5112 affert
2645 5041 2809 5113 (Ibid.
2839 5040 2954 5110 25).
3003 5039 3076 5096 Se
3119 5039 3334 5096 dicebat
3379 5053 3606 5108 granum
3655 5037 3869 5092 mortiﬁ-

2299 5133 2529 5189 candum
2557 5131 2869 5188 inﬁdelitate
2909 5131 3243 5198 Judaorum,
3293 5129 3390 5185 sed
3421 5128 3866 5207 multiplicand-

2303 5226 2409 5282 ﬁde
2438 5225 2775 5296 populorum.
2831 5224 2897 5279 Et
2933 5223 3057 5293 quia
3087 5237 3256 5293 grano
3299 5219 3555 5276 frumenti
3586 5219 3872 5290 specialiter

2301 5333 2362 5376 se
2388 5327 2686 5391 comparat,
2719 5331 2839 5373 mos
2862 5316 3024 5388 erepit
3062 5315 3321 5370 Ecclesia:
3348 5315 3418 5369 de
3448 5314 3555 5369 hoc
3579 5313 3700 5368 solo
3726 5326 3873 5383 graue

2299 5412 2491 5471 conﬁci
2520 5427 2716 5482 corpus
2746 5411 2977 5467 Domini.
3033 5408 3138 5476 Qad
3161 5415 3304 5461 amat
3331 5407 3563 5460 animum
3590 5423 3740 5460 ua-
3773 5422 3873 5473 per-

2301 5509 2388 5562 det
2413 5523 2557 5574 eam,
2588 5515 2637 5560 et
2666 5505 2754 5576 qui
2782 5505 2893 5560 odit
2928 5504 3157 5557 animam
3198 5515 3348 5554 suam
3391 5501 3446 5554 in
3471 5499 3572 5553 hoc
3597 5501 3806 5562 mundo,
3827 5499 3871 5551 in

2303 5601 2459 5654 uitam
2485 5606 2724 5653 ceternam
2750 5596 2966 5650 custodit
2993 5609 3105 5648 eam
3132 5589 3280 5659 Hd.,
3299 5591 3478 5658 ibid)
3511 5590 3769 5644 Hortatur
3789 5603 3872 5643 nos

2297 5689 2366 5746 ad
2392 5688 2641 5747 sectanda
2689 5687 2906 5757 veStigia
2948 5699 3059 5740 suae
3097 5683 3394 5754 passionis,
3427 5682 3583 5751 quasi
3608 5680 3753 5736 dicat
3778 5696 3794 5735 :
3820 5678 3869 5734 Si

2301 5780 2443 5851 cupis
2470 5781 2627 5834 uitam
2655 5787 2822 5832 tenere
2847 5778 2903 5830 in
2930 5773 3174 5841 Christo,
3207 5774 3318 5830 noli
3345 5781 3564 5828 mortem
3596 5774 3770 5826 timere
3795 5785 3868 5840 pro

2302 5871 2526 5941 Christo;
2552 5872 2657 5929 noli
2692 5885 2864 5927 amare
2900 5869 3126 5926 animam
3163 5871 3219 5927 in
3248 5867 3357 5941 hac,
3378 5870 3504 5938 vita,
3538 5883 3605 5924 ne
3631 5867 3870 5939 perduis
