4018 6480
144 359 237 419 12
252 365 270 417 ι
286 362 326 418 7
1459 356 1810 418 LECTIONE‘.

1917 356 2300 416 ’ARIAN'I‘ES.
3352 359 3490 424 1218

146 491 412 540 σείοντα
442 481 567 537 uita.
597 477 727 536 una
763 476 1054 546 sententia,
1095 475 1547 548 quemadmodum
1587 475 1660 532 sit
1703 473 1802 531 ho-
1827 475 1882 538 Α
1904 487 1985 527 me
2013 487 2112 527 vos
2139 471 2248 526 hazc
2272 470 2408 526 venit
2430 513 2445 540 ,
2474 470 2564 526 sed
2594 477 2801 543 propter
2819 486 2908 526 vos
2936 468 3074 543 [ld.,
3099 468 3215 544 50).
3238 472 3490 536 Ostendit

153 575 365 632 minis
417 589 572 631 amor
598 573 653 628 in
680 572 928 628 animam.
953 585 1136 636 suam,
1167 577 1227 623 ut
1252 575 1466 638 pereat;
1497 565 1702 632 odium,
1734 580 1804 623 ne
1910 567 2049 623 hanc
2080 580 2264 622 vocem
2320 581 2426 621 non
2477 565 2577 621 sibi
2627 566 2892 623 indicasse
2936 566 3078 638 quod
3119 567 3354 641 sciebat,
3391 571 3490 630 sed

158 671 446 739 pereat!
505 667 565 726 Si
604 666 746 722 male
790 664 1082 732 amaveris,
1134 671 1258 720 tunc
1313 655 1507 727 Odisti;
1556 661 1601 716 si
1665 660 1804 717 bene
1907 656 1988 715 eis
2009 658 2202 728 quibus
2231 657 2453 714 indicari
2476 657 2776 728 oportebat.

157 762 428 831 oderis,
447 771 572 817 tunc
599 759 811 815 amasti.
831 758 1038 813 Felices
1065 757 1156 827 qui
1175 754 1404 810 oderunt
1429 751 1801 820 custodiendo,
1983 749 2075 805 IX.
2095 749 2252 806 Nunc
2277 749 2433 822 (Cod.
2454 749 2540 806 hic
2561 750 2834 807 homiliam
2857 751 3064 822 dividit,
3085 754 3180 811 sed
3207 755 3492 819 manifesta

158 869 246 910 ne
299 857 559 926 perdant
585 852 834 909 amando.
887 850 991 906 Sed
1020 847 1142 905 vide
1171 857 1320 914 ne,te
1350 848 1520 918 ipsum
1561 845 1697 901 velis
1723 846 1804 900 in-
1905 853 1989 900 est
2008 859 2129 900 cum
2155 845 2491 914 praecedente
2519 844 2848 917 conjunctio)
2863 847 3126 920 judicium
3177 858 3250 906 est
3288 854 3494 923 mundi,

162 949 474 1005 terimere
498 989 514 1016 ,
565 954 622 1002 ut
663 944 879 1016 quidam
927 942 1163 1013 perversi
1211 940 1350 996 male
1402 941 1543 994 hunc
1587 951 1802 993 versum
1909 954 2045 992 nunc
2069 939 2304 1009 princeps
2341 939 2500 1012 hujus
2540 941 2717 994 mundi
2744 941 2980 1012 ejicielur
3019 947 3160 1014 foras
3196 943 3376 1018 (Joan.
3395 963 3491 1015 xu,

158 1041 601 1111 intelligemus.
653 1038 786 1093 Cum
835 1044 1012 1090 autem
1061 1046 1237 1089 causae
1279 1031 1538 1087 articulus
1573 1030 1802 1095 venerit,
1906 1028 1969 1083 51
2006 1039 2052 1083 et
2073 1034 2238 1101 seqq.)
2268 1040 2322 1086 et
2360 1031 2590 1101 reliqua.
2615 1031 2879 1087 Judicium
2911 1031 2998 1089 hic
3041 1035 3169 1091 dicit
3210 1035 3496 1095 discretio-

161 1140 241 1187 ut
293 1138 650 1201 preponatur
698 1127 816 1194 tibi,
861 1134 953 1181 aut
993 1123 1294 1180 faciendum
1336 1137 1457 1178 esse
1494 1129 1682 1177 contra
1710 1121 1801 1175 Dei
1908 1136 2030 1177 nem
2061 1123 2478 1191 redemptorum,
2514 1139 2619 1180 non
2645 1124 3044 1182 damnationem
3076 1130 3291 1198 quando
3323 1131 3376 1186 in
3405 1130 3496 1189 die

167 1233 580 1295 prteceptum,
614 1229 707 1276 aut
755 1217 1092 1274 moriendum
1117 1261 1132 1286 ,
1186 1225 1309 1270 tunc
1356 1215 1530 1284 potius
1572 1214 1710 1284 elige
1751 1219 1806 1268 te
1901 1211 2088 1280 judicii
2119 1212 2392 1270 damnabit
2423 1215 2634 1283 impios.
2663 1215 2765 1270 Per
2788 1215 3083 1287 principem
3111 1221 3292 1275 mundi
3325 1237 3493 1290 espo-

164 1317 395 1385 mori,
437 1330 596 1388 quam
642 1312 854 1378 vivere,
901 1319 960 1367 ut
1002 1311 1056 1366 in
1089 1310 1190 1364 hoc
1219 1308 1419 1364 mundo
1453 1307 1652 1363 habeas
1681 1305 1806 1361 odio

167 1409 451 1464 animam
478 1416 654 1475 tuam,
691 1413 746 1461 et
782 1405 840 1459 in
871 1404 1030 1458 vitam
1063 1412 1320 1458 teternam
1364 1415 1482 1456 eam
1513 1399 1801 1455 custodias.

169 1497 249 1554 Si
306 1498 438 1568 quis
484 1495 609 1550 mihi
654 1494 907 1549 ministrat
954 1509 1036 1547 me
1081 1501 1319 1562 sequatur
1347 1489 1522 1562 (Joan.
1565 1506 1660 1556 xu,
1686 1489 1802 1560 26);

169 1589 338 1647 hinc
380 1590 573 1646 Petrus
609 1587 683 1642 ait
713 1604 726 1641 :
760 1585 994 1642 Christus
1033 1602 1128 1657 pro
1158 1585 1496 1656 nobispassus
1530 1593 1606 1638 est
1644 1583 1803 1638 relin-

169 1701 380 1752 quens
400 1684 546 1738 nobis
570 1682 856 1753 exmplum
880 1690 936 1736 ut
957 1696 1232 1753 sequamur
1261 1682 1472 1754 vestigia
1499 1681 1610 1751 ejus
1632 1679 1802 1749 (Petr.
1979 1672 2170 1728 Merito
2213 1671 2536 1729 illuminatio
2581 1672 2781 1731 Christi
2821 1675 3116 1748 principem
3149 1679 3495 1738 tenebrarum

173 1793 251 1844 ιι,
303 1776 436 1848 21).
499 1773 568 1831 Et
611 1775 695 1830 ubi
740 1791 832 1847 ego
870 1791 983 1829 sum
1026 1775 1135 1828 illis
1171 1781 1218 1829 et
1263 1775 1489 1829 minister
1529 1790 1668 1828 meus
1711 1773 1805 1828 erit
1907 1763 1974 1819 de
2002 1763 2221 1820 homine
2249 1764 2478 1834 expulit,
2502 1764 2627 1835 quia
2650 1763 2964 1838 nullumjus
2987 1769 3042 1826 in
3069 1785 3138 1826 eo
3165 1769 3371 1828 habuit.
3397 1773 3503 1831 No-

171 1870 398 1947 (Joan.
436 1887 532 1942 xu,
578 1871 697 1943 26).
739 1871 1024 1926 Praemium
1063 1871 1400 1927 ministrandi
1453 1871 1528 1926 illi
1572 1880 1657 1926 est
1685 1884 1805 1927 esse

1917 1871 2011 1928 que
2036 1857 2179 1913 enim
2201 1859 2324 1928 quia
2354 1872 2476 1914 eum
2507 1858 2693 1915 fraude
2723 1859 2957 1930 maligna
2984 1862 3304 1932 decipiendo
3333 1880 3365 1919 a
3396 1867 3503 1922 Do-

176 1979 333 2021 cum
372 1966 509 2036 ipso,
542 1964 659 2019 sine
684 1978 789 2033 quo
828 1978 1099 2034 nunquam
1137 1971 1222 2018 est
1270 1963 1426 2031 bene,
1457 1974 1510 2018 et
1551 1977 1672 2018 cum
1703 1978 1808 2034 quo
1915 1948 2046 2002 ηιῖίιί
2091 1948 2171 2003 δαί
2219 1948 2559 2018 subiectione
2597 1949 2882 2018 alienam:
2916 1951 3149 2023 aliquam
3180 1964 3500 2024 Natalem

177 2072 490 2130 nunquam
532 2068 617 2116 est.
657 2060 820 2116 male.
871 2059 1022 2115 Unde
1065 2059 1302 2129 apertius
1350 2056 1569 2114 subdit:
1602 2057 1664 2114 Si
1699 2057 1810 2127 quis
1911 2053 2073 2110 super
2097 2055 2221 2097 eum
2264 2040 2448 2096 debuit
2494 2042 2773 2112 πάρει’θὲ
2823 2044 3003 2114 Ponus
3027 2085 3043 2112 ν
3074 2047 3120 2100 εί
3160 2061 3320 2117 quam
3352 2050 3502 2119 Prii”

175 2153 338 2206 mihi
388 2154 771 2220 ministraverit,
821 2154 1177 2224 honoriﬁcabit
1204 2169 1316 2207 eum
1346 2152 1504 2220 Pater
1530 2169 1670 2208 meus
1695 2151 1807 2225 (Id.
1912 2135 2164 2204 haberet:
2215 2136 2402 2192 ἀθυυῖῐ
2444 2139 2712 2197 δηιίιῑενθο
2760 2139 2861 2209 Qui
2899 2140 3046 2198 enim
3097 2155 3355 2198 00008533
3398 2143 3504 2202 libi

180 2242 341 2300 ibid.
363 2244 404 2314 ).
459 2246 575 2313 Quo
623 2246 862 2314 honore,
922 2245 1025 2300 nisi
1084 2251 1143 2298 ut
1195 2243 1265 2300 sit
1319 2259 1439 2300 eum
1501 2243 1637 2299 Filio
1693 2245 1809 2314 ejus

1917 2237 2176 2299 potestate
2206 2231 2466 2298 abutitur,
2493 2229 2612 2303 ejus
2635 2233 2970 2305 privilegium
2993 2235 3218 2305 perdere
3241 2244 3502 2296 meretur.

180 2348 317 2390 non
355 2337 580 2406 aequalis
623 2335 888 2391 divinitati
944 2335 1038 2392 sed
1093 2335 1432 2391 consociatus
1482 2335 1810 2392 aeternitati?

1917 2322 2043 2378 Item
2069 2339 2170 2380 nec
2194 2324 2335 2381 Deus
2368 2326 2692 2397 mancipavit
2713 2327 2788 2384 illi
2812 2328 3112 2399 hominem,
3138 2345 3240 2387 nec
3263 2331 3422 2387 homo
3443 2346 3505 2387 se

183 2425 350 2481 Cum
380 2419 596 2495 auditis,
641 2429 855 2494 fratres,
898 2428 1005 2483 illic
1053 2437 1099 2482 el
1140 2429 1371 2483 minister
1401 2445 1540 2483 meus
1567 2431 1682 2493 erit,
1715 2443 1812 2484 ne-
1911 2415 1962 2472 εἰ
1990 2418 2298 2488 ωειηοίρίιτθ
2326 2421 2517 2490 Doluit.
2543 2419 2858 2490 Quanquam
2897 2423 3042 2478 enim
3073 2423 3271 2494 aliquis
3313 2437 3505 2480 servus

193 2517 310 2574 lite
347 2527 550 2574 tantum
581 2520 741 2576 modo
784 2520 955 2576 bonos
982 2521 1264 2591 episcopos
1307 2530 1359 2576 et
1411 2521 1635 2576 clericos
1665 2520 1811 2590 cogi-
1911 2524 1942 2564 ³
1966 2509 2192 2566 Domino
2220 2511 2385 2582 τελείει
2414 2527 2531 2581 δυο,
2559 2528 2666 2570 ηοιι
2690 2523 2869 2570 tamen
2893 2514 3052 2571 δηθά
3073 2529 3132 2571 se
3151 2514 3273 2586 iure
3292 2515 3506 2573 tradere

1911 2611 2110 2671 potest.
2157 2603 2310 2672 Quod
2355 2619 2483 2676 ergo
2511 2605 2787 2677 diabolus,
2817 2607 2963 2662 velut
2993 2608 3179 2664 mundi
3214 2609 3502 2680 princeps,

1911 2695 1982 2751 ab
2017 2695 2189 2752 Adam
2236 2712 2405 2767 usque
2433 2699 2499 2753 ad
2527 2714 2741 2756 crucem
2771 2698 2971 2756 Christi
3005 2715 3259 2773 regnasse
3285 2701 3504 2770 dicitur,

1911 2791 1966 2847 id
1996 2801 2075 2848 est
2102 2791 2223 2863 quia
2255 2793 2345 2848 filii
2375 2795 2568 2862 Adam,
2587 2796 2736 2866 gravi
2763 2795 2891 2868 jugo
2918 2797 3118 2865 peccati
3167 2798 3366 2867 pressi,
3388 2797 3506 2854 dia-

1913 2884 2107 2942 bolicis
2139 2888 2529 2944 tentationibus
2553 2888 2714 2944 facile
2742 2888 3186 2957 consentiebant,
3212 2890 3387 2945 hostia
3413 2905 3507 2946 au-

1915 2984 2021 3033 tem
2051 2980 2231 3034 crucis
2259 2989 2407 3050 grata
2439 2979 2549 3036 Deo
2581 2980 2724 3035 Patri
2753 2995 2821 3036 ex
2847 2980 3139 3038 dilectione
3174 2997 3334 3054 quam
3367 2981 3507 3040 infu-

278 3073 420 3129 Vlll.
451 3074 608 3130 Nunc
633 3076 807 3131 anima
835 3092 946 3131 mea
989 3077 1194 3130 turbata
1224 3085 1317 3132 est.
1354 3076 1418 3130 Et
1459 3075 1585 3146 quid
1604 3078 1814 3132 dicant?
1915 3068 1996 3124 dit
2025 3069 2261 3125 humano
2301 3074 2521 3141 generi,
2553 3073 2866 3129 servitutem
2908 3076 3112 3143 peccati
3145 3075 3416 3147 removit,
3449 3084 3508 3132 ut

194 3165 395 3235 Pater,
425 3170 654 3238 salviﬁca
681 3186 760 3225 me
783 3186 846 3224 ea:
870 3169 967 3223 hac
1006 3169 1135 3224 hora
1176 3149 1360 3238 (.ioan.
1396 3183 1489 3235 xu,
1520 3168 1637 3240 27).
1666 3169 1812 3224 Prm-
1915 3175 2044 3216 vere
2074 3161 2228 3217 liberi
2258 3163 2446 3228 simus,
2472 3164 2598 3233 quia
2626 3164 2799 3220 Filius
2821 3165 3372 3225 nosliberavit.llnde
3393 3168 3510 3224 dia-

195 3260 358 3315 dicta
407 3261 654 3330 passione
700 3272 755 3317 et
800 3261 870 3318 ad
917 3277 1035 3317 eam
1067 3261 1347 3331 supposita
1393 3261 1804 3326 exhortatione,
1833 3258 1882 3323 C
1912 3253 2070 3309 belus
2086 3253 2203 3323 plus
2227 3253 2430 3309 homini
2459 3253 2725 3322 invidens,
2751 3265 2804 3312 et
2832 3256 2956 3313 ideo
2981 3257 3150 3327 magis
3175 3259 3477 3328 puniendus

197 3357 372 3429 quasi
395 3357 520 3413 data
549 3371 682 3413 voce
721 3357 1049 3412 fortitudinis
1093 3371 1241 3421 suae,
1272 3355 1526 3411 subaudit
1560 3354 1808 3411 allectum

1917 3352 2122 3400 tentare
2148 3353 2328 3401 tamen
2356 3361 2464 3402 non
2494 3355 2706 3413 cessat,
2747 3347 2843 3404 sed
2882 3349 3031 3404 aliud
3061 3359 3144 3405 est
3175 3351 3500 3410 intrinsecus

197 3447 547 3504 inﬁrmitatis
577 3457 805 3514 nostrae,
835 3463 996 3518 quam
1027 3461 1152 3504 vere
1179 3449 1451 3517 suscepit,
1483 3446 1577 3503 sed
1607 3461 1674 3502 ex
1703 3461 1794 3503 νο·
1912 3455 2158 3513 regnare,
2191 3441 2339 3497 aliud
2364 3441 2665 3498 forinsecus
2691 3457 3022 3513 oppugnare.
3058 3442 3191 3498 Nam
3232 3443 3378 3500 aliud
3417 3456 3502 3503 est

1909 1304 1987 1358 nit
2017 1303 2084 1360 de
2131 1320 2239 1376 quo
2265 1305 2468 1374 judicio
2507 1305 2669 1363 dixit.
2695 1306 2772 1362 De
2797 1307 2958 1376 justis
2987 1311 3259 1366 veteribus
3289 1311 3494 1382 ejectus

1907 1394 2120 1464 quidem
2151 1394 2397 1450 diabolus
2419 1394 2612 1462 fuerat,
2631 1396 2727 1451 sed
2752 1397 2892 1466 quod
2921 1407 3048 1455 tunc
3077 1400 3128 1455 in
3157 1403 3498 1471 paucissimis

1908 1486 2101 1541 factum
2131 1483 2245 1552 fuit,
2278 1501 2421 1542 nunc
2448 1486 2502 1542 in
2531 1486 2891 1556 multitudine,
2926 1490 3339 1560 praedicantibus
3365 1508 3496 1566 apo-

1907 1579 2063 1634 stolis
2088 1578 2288 1635 factum
2319 1588 2423 1635 est.

194 2617 356 2678 tare,
375 2612 468 2667 sed
495 2627 591 2668 vos
605 2614 766 2668 etiam
790 2629 887 2682 pro
901 2613 1063 2668 modo
1078 2621 1259 2669 vestro
1275 2609 1572 2670 ministrate
1594 2614 1810 2670 Christo

183 2703 588 2776 eleemosynas
609 2705 870 2773 faciendo,
904 2716 960 2762 et
986 2707 1103 2777 ejus
1130 2708 1428 2765 doctrinam
1469 2709 1663 2780 quibus
1708 2725 1804 2780 po-

189 2797 426 2854 tueritis
455 2798 813 2868 praedicando.
844 2799 1217 2870 Unusquisque
1245 2801 1388 2856 enim
1421 2800 1811 2872 paterfamilias

187 2888 376 2946 debet
421 2890 475 2946 in
517 2905 643 2948 suos
691 2907 946 2948 exercere
986 2894 1327 2963 disciplinam
1372 2894 1672 2958 monendo,
1703 2892 1801 2949 do-

187 2981 407 3051 cendo,
441 2985 800 3052 corripiendo,
839 2985 1266 3040 benevolentiam
1301 2986 1682 3055 impendendo.

203 3539 428 3596 luntate
451 3554 547 3610 pro
567 3540 741 3605 nobis,
769 3556 836 3596 ne
865 3541 933 3596 de
961 3541 1061 3596 hac
1092 3540 1404 3596 infirmitate
1430 3539 1804 3610 desperemus.

203 3630 278 3687 ιη
307 3645 410 3700 qua
439 3632 598 3686 etiam
626 3632 783 3688 docet
809 3631 935 3702 quid
964 3631 1145 3688 dicere
1174 3631 1450 3697 debemus,
1475 3640 1530 3686 et
1551 3645 1659 3701 quo
1679 3645 1811 3687 con-

209 3721 408 3790 fugere
435 3721 482 3776 si
507 3721 663 3791 [Cod.
695 3721 858 3789 male,
881 3721 1052 3794 quasi]
1083 3721 1433 3777 conturbatur
1452 3723 1648 3776 anima.
1671 3720 1810 3790 Quid

208 3813 441 3870 dicam?
483 3829 640 3885 quem
671 3814 950 3870 invocem?
993 3830 1101 3887 quo
1144 3814 1385 3885 fugiam?
1413 3815 1464 3870 in
1502 3829 1662 3883 quem
1689 3829 1812 3884 spe-

210 3905 379 3964 rem?
417 3905 474 3962 ln
516 3907 726 3964 Patrem
772 3907 860 3978 qui
909 3907 1116 3976 salvat,
1143 3906 1298 3977 cujus
1325 3906 1652 3962 voluntatem
1676 3920 1810 3962 mete

213 4013 478 4070 prmpono
506 3997 607 4072 [ld.
636 3999 913 4072 propono],
943 3999 1064 4071 quia
1089 4009 1375 4071 propterea
1409 4008 1469 4055 ut
1499 3999 1617 4054 haec
1639 4001 1812 4069 patiar

215 4089 345 4144 veni
395 4088 447 4143 in
498 4089 684 4144 horam
730 4090 889 4145 hanc.
933 4089 1089 4146 Unde
1136 4089 1452 4145 clarificatio
1488 4089 1732 4160 sequitur
1758 4099 1812 4145 et

215 4180 356 4238 mihi
383 4191 438 4238 et
467 4184 720 4238 membris
766 4184 920 4239 meis.
955 4184 1021 4238 Et
1049 4183 1152 4240 hoc
1190 4192 1274 4239 est
1315 4183 1458 4254 quod
1484 4183 1614 4239 dicit
1652 4199 1670 4238 :
1703 4183 1810 4238 Sed

217 4283 495 4348 propterea
537 4277 649 4329 veni
687 4279 740 4329 in
776 4276 956 4330 horam
996 4276 1151 4332 hanc.
1187 4274 1366 4344 Pater,
1409 4276 1639 4343 clariﬁca
1669 4284 1811 4330 tuum

198 4385 408 4425 nomen
436 4368 674 4441 [ld.,27,
689 4368 804 4441 28].
831 4369 1048 4426 Salvum
1068 4386 1153 4427 me
1175 4371 1258 4426 fac
1277 4385 1346 4426 ex
1367 4369 1497 4428 hora
1525 4371 1809 4440 passionis,

221 4469 351 4532 peto
371 4499 386 4525 ,
421 4460 514 4514 sed
543 4460 852 4530 passionem
898 4475 1003 4516 non
1033 4475 1249 4517 recuso.
1278 4460 1422 4530 Ergo
1463 4460 1694 4515 clariﬁca
1725 4475 1812 4515 me

221 4553 562 4620 suscitaudo,
604 4553 744 4624 quod
788 4561 872 4610 est
911 4554 1079 4622 gloria
1108 4553 1342 4609 nominis
1371 4553 1472 4608 tui.
1508 4552 1661 4607 Venit
1689 4568 1810 4623 ergo

1911 3535 2182 3593 civitatem
2211 3545 2422 3607 captam
2453 3537 2598 3590 intus
2625 3535 2941 3606 possidere,
2975 3537 3122 3593 aliud
3147 3539 3266 3594 telis
3290 3540 3504 3598 eminus

1908 3629 2126 3699 jactatio
2163 3641 2492 3700 oppugnare.
2533 3625 2666 3682 Cum
2705 3627 2906 3686 dicitur
2958 3628 3209 3685 diabolus
3258 3630 3508 3702 princeps

1913 3721 2074 3793 hujus
2135 3722 2340 3790 mundi,
2393 3737 2498 3777 non
2544 3719 2782 3778 creditur
2838 3735 2961 3778 esse
3005 3721 3258 3779 dominus
3290 3723 3413 3780 casti
3451 3732 3508 3782 et

1913 3822 2109 3880 teme;
2141 3815 2236 3870 sed
2269 3813 2499 3870 mundus
2526 3813 2906 3884 intelliguntur
2936 3815 3065 3871 mali
3099 3815 3348 3872 homines
3379 3826 3494 3873 toto

1912 3906 2045 3962 orbe
2072 3905 2274 3962 diiiusi.
2318 3907 2410 3962 Sic
2455 3905 2601 3962 enim
2643 3906 2878 3966 solemus
2929 3921 3125 3964 vocare
3170 3907 3362 3963 malam
3401 3907 3503 3966 doc

1913 4014 2080 4066 mum,
2114 3999 2203 4055 ubi
2234 4006 2362 4054 sunt
2386 3998 2512 4053 mali
2535 3996 2811 4056 homines:
2835 3997 3054 4064 bonam,
3080 3997 3169 4054 ubi
3190 4005 3319 4054 sunt
3344 3997 3496 4059 boni.

1912 4092 2044 4149 Nam
2071 4101 2127 4148 et
2156 4092 2388 4148 mundus
2412 4090 2608 4147 dicitur
2635 4091 2704 4148 de
2733 4089 2890 4163 [Cod.
2911 4089 2988 4162 in)
3017 4091 3173 4147 bonis
3224 4092 3276 4147 in
3304 4091 3505 4149 mundo

1913 4183 2140 4240 diliusis.
2176 4182 2330 4239 Unde
2359 4181 2654 4251 Apostolus
2682 4198 2697 4236 :
2728 4181 2869 4237 Deus
2898 4193 3009 4237 erat
3037 4183 3092 4236 in
3119 4181 3319 4238 Christo
3351 4198 3502 4239 mun-

1912 4277 2034 4330 dum
2065 4276 2402 4332 reconcilians
2413 4275 2510 4330 sibi
2522 4272 2608 4348 (ll
2626 4272 2749 4331 Car.
2765 4291 2820 4344 v,
2834 4273 2951 4347 t9).
2981 4275 3056 4332 De
3077 4275 3271 4346 quibus
3288 4276 3500 4347 ejicitur

1913 4367 2178 4424 diabolus.

1986 4460 2054 4516 Χ.
2072 4459 2137 4515 Et
2161 4476 2255 4532 ego
2277 4459 2321 4515 si
2341 4461 2595 4518 exaltatus
2622 4463 2764 4531 {uero
2789 4478 2822 4515 a
2847 4471 3002 4527 terra,
3017 4463 3189 4516 omnia
3215 4460 3416 4517 traham
3432 4459 3504 4516 ad

1911 4553 2185 4622 nteipsum.
2213 4549 2332 4606 Hoc
2353 4562 2520 4607 autem
2541 4551 2740 4608 dicebat
2771 4553 3070 4623 signiﬁcans
3096 4569 3200 4624 qua
3226 4563 3388 4610 morte
3408 4570 3500 4609 es-

221 4664 325 4704 ooa:
347 4650 411 4703 de
439 4650 562 4704 caelo
587 4664 607 4704 :
634 4647 698 4702 Et
725 4647 1023 4717 clariﬁcavi,
1060 4656 1106 4701 et
1131 4647 1314 4701 iterum
1345 4646 1639 4712 clari/icabo
1673 4644 1810 4716 (ld.,
1843 4624 1892 4686 θ
1917 4654 1988 4702 set
2030 4647 2310 4702 moriturus
2333 4644 2514 4716 (Joan.
2542 4661 2640 4713 xu,
2665 4643 2753 4711 52,
2783 4644 2901 4712 53).
2925 4645 3057 4713 Qua
3086 4645 3406 4712 omnia,nisi
3435 4659 3503 4702 ex

224 4739 406 4811 ibid.).
433 4737 733 4795 Clariflcavi
759 4747 1045 4809 antequam
1075 4737 1308 4792 facerem
1337 4735 1596 4792 mundum
1617 4777 1634 4802 ,
1661 4736 1714 4792 id
1735 4745 1816 4792 est

225 4835 433 4892 clarum
461 4835 619 4906 genui
644 4877 662 4903 ,
693 4844 747 4892 et
773 4835 826 4890 in
857 4835 1114 4891 creaturis
1144 4833 1496 4893 rationalibus
1519 4833 1817 4892 clarificare

227 4927 504 5000 proposui.
537 4926 633 4983 Vel
667 4929 775 4982 ita:
809 4925 1116 4981 Clariiicavi
1155 4940 1276 4980 cum
1315 4925 1383 4980 de
1422 4924 1630 4996 virgine
1657 4934 1814 4982 natus

211 5027 342 5086 'est,
386 5034 415 5074 a
449 5017 615 5088 Magis
647 5019 903 5073 adoratus
935 5025 1052 5082 est,
1083 5032 1114 5073 a
1145 5015 1347 5072 sanctis
1388 5015 1600 5087 agnitus
1640 5024 1753 5083 est,
1785 5030 1814 5069 a

230 5109 410 5180 specie
436 5109 700 5166 columba:
724 5108 1029 5165 declaratus
1054 5115 1154 5174 est,
1182 5108 1235 5163 in
1266 5114 1446 5162 monte
1468 5105 1818 5178 transﬁgura-

231 5213 317 5261 tus
346 5211 450 5260 est.
474 5203 776 5260 Clarificavi
805 5201 960 5274 [Cod.
983 5202 1144 5269 male,
1161 5199 1478 5271 elariﬁcavit)
1495 5241 1510 5265 ,
1533 5214 1654 5255 cum
1679 5199 1816 5255 mul-

229 5307 315 5354 tos
357 5297 602 5363 sanavit,
626 5311 761 5352 'cum
791 5295 859 5351 de
889 5296 1072 5365 paucis
1123 5293 1350 5365 panibus
1381 5294 1580 5349 multos
1626 5293 1811 5363 pavit,

231 5387 477 5444 ﬂuctibus
522 5386 843 5458 imperavit,
887 5398 1127 5442 mortuos
1173 5385 1474 5442 suscitavit.
1520 5381 1587 5438 Et
1628 5384 1815 5439 iterum

231 5479 526 5551 clariﬁcabo
551 5519 568 5547 ,
619 5494 742 5536 cum
797 5488 1043 5550 resurget
1089 5494 1120 5534 a
1168 5478 1430 5543 mortuis,
1475 5491 1596 5532 cum
1645 5475 1815 5532 cmlos

231 5575 506 5639 ascendet,
535 5588 656 5628 cum
683 5573 847 5643 iudex
871 5573 940 5628 ab
961 5572 1230 5630 universis
1258 5581 1638 5642 cognoscatur,
1675 5580 1733 5626 ut
1760 5570 1811 5627 ei

229 5680 387 5721 omne
405 5680 545 5736 genu
560 5665 824 5720 ﬂectatur.
845 5664 1015 5719 Turba
1036 5682 1152 5735 ergo
1168 5681 1282 5736 qua:
1300 5663 1464 5719 stabat
1487 5673 1535 5719 et
1554 5664 1811 5728 audierat,

233 5758 424 5813 ilicei-at
454 5763 736 5812 tonitruum
759 5758 968 5828 “factum
994 5774 1119 5814 esse.
1152 5758 1256 5811 Alii
1299 5757 1569 5822 dicebant,
1599 5757 1813 5827 angelus

231 5851 274 5906 ei
305 5853 509 5906 loculus
551 5858 647 5907 est.
695 5850 972 5919 Respondit
1000 5851 1150 5908 Jesus
1171 5861 1218 5907 et
1247 5849 1378 5905 dixit
1403 5867 1417 5904 :
1454 5847 1506 5904 Ν
1512 5865 1577 5905 οη
1605 5857 1817 5921 propter

1921 4739 2113 4808 quibus
2139 4737 2388 4792 diabolus
2409 4737 2661 4808 ejicitur?
2690 4737 2805 4791 Non
2836 4738 2971 4792 dixit
3009 4752 3229 4805 omnes,
3264 4739 3357 4795 sed
3385 4753 3504 4794 om-

1921 4831 2026 4895 nia,
2052 4830 2175 4900 quia
2199 4845 2306 4884 non
2340 4830 2441 4886 hoc
2469 4829 2657 4884 retulit
2683 4827 2751 4884 ad
2773 4829 3176 4886 universitatem
3201 4830 3500 4899 hominum,

1921 4924 2016 4980 sed
2043 4923 2110 4978 ad
2139 4932 2398 4980 creaturae
2419 4921 2782 4994 integritates,
2828 4922 2882 4978 id
2921 4931 3006 4980 est
3045 4923 3111 4979 ad
3142 4923 3416 4994 spiritum,
3445 4936 3502 4983 et

1919 5016 2172 5082 animam,
2205 5023 2261 5072 et
2287 5030 2482 5087 corpus
2511 5030 2618 5086 quo
2658 5016 3037 5087 intelligimus,
3081 5031 3190 5088 quo
3234 5018 3501 5089 vivimus,

1918 5123 2025 5180 quo
2052 5107 2294 5163 visibiles
2319 5121 2528 5164 sumus.
2554 5107 2660 5174 Qui
2682 5105 2825 5163 enim
2855 5106 3021 5177 dixit,
3045 5109 3280 5180 Capillus
3309 5112 3376 5168 de
3408 5127 3500 5168 ea-

1918 5202 2019 5272 pile
2037 5214 2199 5258 vestro
2230 5215 2332 5254 non
2357 5201 2579 5271 peribit,
2607 5200 2786 5257 omnia
2817 5200 2979 5258 trahit
3026 5212 3146 5274 post
3191 5217 3274 5262 se.
3321 5206 3427 5262 Aut
3453 5207 3505 5264 si

1919 5293 2098 5350 omnia
2122 5293 2364 5350 homines
2394 5294 2783 5365 intelliguntur,
2807 5297 2986 5354 omnia
3007 5296 3394 5368 praedestinata
3429 5300 3502 5356 ad

1918 5388 2148 5444 salutem
2190 5401 2475 5457 possumus
2521 5388 2721 5448 dicere.
2744 5389 2851 5445 Aut
2894 5401 3040 5447 certe
3088 5391 3269 5446 omnia
3295 5407 3500 5463 genera

1922 5480 2194 5537 hominum
2227 5480 2388 5535 trahit
2415 5479 2482 5535 ad
2511 5493 2570 5536 se
2599 5488 2656 5535 ut
2684 5489 2867 5552 caput,
2908 5479 3019 5537 sive
3047 5482 3353 5553 in‘linguis,
3382 5483 3501 5540 sive

1921 5575 1973 5631 in
2018 5573 2264 5629 aetatibus
2284 5615 2299 5640 ,
2332 5573 2444 5628 sive
2469 5572 2523 5628 in
2553 5573 2805 5642 gradibus
2854 5574 3116 5629 bonorum
3138 5615 3155 5642 ,
3186 5575 3303 5638 sive
3331 5575 3385 5630 in
3417 5575 3502 5632 di-

1919 5669 2262 5728 versitalibus
2294 5668 2626 5738 ingeniorum
2647 5711 2662 5735 ,
2689 5669 2802 5724 sive
2825 5668 2893 5736 ,in
2924 5667 3343 5738 professionibus
3381 5669 3506 5726 lici.

1924 5773 2095 5820 tarum
2125 5761 2336 5818 artium.
2367 5760 2426 5816 Si
2454 5761 2709 5815 exattatus
2746 5763 2924 5831 fuero,
2955 5761 3008 5816 id
3037 5769 3150 5829 est,
3180 5777 3302 5818 cum
3352 5769 3503 5823 exal-

1926 5867 2066 5915 tatus
2093 5857 2242 5914 luero
2272 5872 2285 5907 :
2317 5867 2422 5910 non
2458 5851 2604 5912 enim
2644 5851 2943 5911 dubitando
2977 5855 3248 5926 loquitur.
3280 5855 3504 5916 Esaia.-
