4018 6476
195 367 348 424 1221

285 485 420 542 Ibid.
452 482 580 539 Fere
595 481 829 538 omnibus
849 489 973 553 gen‘

199 559 350 612 sibus
390 554 704 610 declaratur.
748 557 972 621 Accepe-

199 638 332 682 runt
364 643 486 694 ergo
514 637 568 682 et
588 624 863 694 sequentia
887 638 973 694 us-

200 713 319 768 que
359 693 442 752 ad
461 701 574 752 haec
622 693 782 749 verba
826 711 882 749 n.
915 693 971 762 5,

203 769 348 823 Erat
378 782 546 824 autent
568 768 623 822 in
651 768 779 834 loco,
795 773 899 820 etc.

1045 550 1138 604 bus
1168 549 1482 604 declaratur.
1537 547 1653 601 Hoc
1692 553 1803 602 loco

1046 620 1101 675 Ν
1104 621 1362 675 icodemus
1415 619 1631 690 ﬁguram
1687 635 1807 674 san-

1046 703 1245 746 ctorum
1284 694 1439 766 gessit
1471 691 1807 766 praedestina-

1046 773 1233 829 terum,
1251 763 1338 834 qui
1356 773 1475 816 ante
1501 763 1805 834 baptismum

1047 837 1102 889 in
1131 833 1426 906 ignorantia
1459 837 1691 906 fuerunt,
1714 833 1803 887 sed

202 921 426 966 tentant
455 911 522 963 ad
554 908 828 962 Dominum
876 923 990 962 cum
1017 903 1259 960 mixtura
1309 903 1528 975 myrrhae
1556 913 1605 958 et
1641 905 1801 969 aloes,

201 981 272 1035 s'd
318 992 390 1037 est
438 996 552 1035 cum
581 997 633 1033 se
662 986 1033 1048 recognoscant
1055 1020 1069 1044 ,
1100 977 1408 1047 mortiﬁcavit
1439 991 1490 1030 se
1530 991 1562 1028 a
1591 976 1724 1048 vitiis
1757 985 1806 1029 et

203 1051 679 1122 concupiscentiis,
723 1046 871 1118 atque
915 1055 1165 1122 prmseiite
1209 1049 1424 1122 alecula,
1456 1056 1503 1122 et
1550 1046 1805 1122 abnegant

205 1117 539 1194 semetipsos,
567 1131 619 1194 et
641 1117 924 1190 sequuntur
951 1119 1249 1194 Christum.
1279 1117 1348 1172 Et
1391 1118 1512 1189 quia
1539 1117 1804 1194 hi_c__libr_as

205 1186 443 1258 centum,
476 1186 534 1249 et
554 1186 828 1262 mixturam
857 1190 1078 1262 myrrha'
1097 1201 1157 1262 et
1182 1191 1336 1262 aloes
1365 1186 1534 1262 secum
1577 1186 1806 1262 Nicode-

211 1278 360 1317 mum
386 1263 625 1317 detulisse
650 1259 974 1332 Evangetista
999 1261 1144 1324 dicit,
1169 1261 1280 1327 (hic
1299 1263 1434 1314 enim
1471 1259 1649 1332 [llod.,
1681 1261 1803 1328 quia

215 1334 384 1406 enim]
415 1333 748 1406 centenarias
788 1332 1313 1406 numerusqperfectas
1333 1341 1441 1406 est,
1465 1345 1511 1385 et
1538 1332 1803 1402 integritas

212 1403 424 1460 numeri
443 1405 497 1458 in
517 1405 690 1458 eodem
713 1403 1203 1474 comprehenditur),
1222 1405 1502 1474 perfectum
1531 1418 1800 1456 numerum

208 1477 526 1545 angelorum
570 1484 617 1530 et
665 1474 927 1528 hominum
975 1473 1275 1544 designavit.
1352 1473 1482 1528 Erat
1529 1483 1700 1528 autem
1748 1474 1801 1525 in

208 1547 357 1602 loco.
383 1553 486 1602 etc.
719 1572 724 1578 -

385 1592 976 1688 EQuandojamprop-
1115 1613 1192 1669 Id.
1286 1615 1539 1682 Quoniam
1594 1621 1801 1685 pr0pter

209 1697 295 1742 ter
325 1704 650 1760 parasceven,
680 1703 837 1760 quam
876 1703 976 1740 σω·
1046 1701 1372 1760 parasceven,
1407 1703 1571 1760 quam
1606 1701 1800 1760 canam

209 1729 357 1812 itde
383 1775 565 1839 puram
609 1729 781 1839 iudici
819 1757 976 1812 latine
1046 1729 1799 1839 puramludieijbatiniusita—

1469 358 1852 418 LECTIONES
1895 337 2303 420 VARIANTES.

1120 477 1196 534 Id.
1228 477 1362 531 Fere
1384 477 1614 548 omnibus
1637 479 1805 548 genti-
1830 481 1883 540 Α
1949 517 1952 520 .
1979 477 2041 532 Ν.
2079 477 2164 534 I3.
2201 479 2559 536 Humilitatem
2579 479 2668 536 (td-

1908 549 2070 603 hibuit
2099 551 2166 603 ad
2192 553 2499 608 sanandum.

3350 375 3486 434 ηεξ

2811 477 2889 538 Id.
2947 482 3000 539 11
3004 485 3307 544 umilitatsm
3351 494 3496 548 eahi-

2738 553 2845 608 buit
2867 557 2935 609 ad
2956 561 3266 615 sanandum.

1907 662 2104 718 LIBER
2161 663 2251 722 ne
2318 664 2629 726 mvensns
2696 650 3221 736 QUAESTIONIBUS
3280 674 3492 734 ocro-

2442 759 2653 817 GIN'I‘A
2692 761 2958 822 TRIBUS.

2504 868 2745 918 00.153110
2778 870 2886 912 ιιι.

1980 938 2197 1013 Legitur
2236 944 2463 1014 quaestio
2500 959 2588 1022 ιιι
2619 944 2672 999 in
2705 945 2842 1004 Bibl.
2872 949 3066 1024 Mugell
3099 993 3116 1022 ,
3144 955 3264 1012 cod.
3291 973 3364 1024 xt,
3398 960 3486 1016 lol.

1905 1029 1975 1088 98
2000 1030 2049 1086 b.

1979 1122 2118 1176 Edit.
2153 1123 2352 1189 Quaest.
2387 1139 2492 1178 ιιι.
2515 1124 2656 1182 ΝΑ.

1910 1193 2048 1260 Quid
2143 1204 2340 1278 autem.
2403 1196 2660 1319 signifcat

1910 1265 2507 1319 oleumnmrumvsdetur.
2559 1277 2659 1319 tem

1905 1265 2282 1332 oleum,mirum
2293 1266 2507 1320 videtur.
2525 1265 2659 1322 Item

1903 1337 2040 1404 quod
2082 1337 2334 1405 sapientes
2379 1340 2658 1403 petentibus

1904 1421 2006 1460 non
2025 1408 2417 1461 communicant.

1977 1475 2041 1530 Ν.
2076 1477 2130 1530 ὅ.
2163 1476 2385 1546 Propter
2411 1487 2582 1533 autem
2609 1495 2665 1534 se

1903 1550 2076 1612 homo,
2089 1549 2367 1618 inquit.Sic
2376 1550 2502 1606 edit.
2518 1550 2661 1607 Gau-

1907 1633 2014 1674 me.
2061 1621 2390 1676 Benedictinl
2437 1631 2496 1676 ut
2540 1638 2656 1676 nos.

1976 1689 2109 1745 Ibid.
2142 1689 2209 1744 Et
2251 1693 2322 1745 eis
2361 1709 2492 1746 vana
2533 1709 2662 1763 gau-

1901 1761 1988 1834 dia
2015 1771 2258 1832 tanquam
2276 1763 2452 1834 fatuis
2493 1761 2662 1817 conci-

209 1829 456 1900 usitatius
482 1830 623 1900 apud
646 1845 736 1883 nos
770 1838 970 1896 vocant,
1048 1829 1147 1882 tius
1187 1830 1323 1898 apud
1348 1846 1437 1882 nos
1464 1829 1798 1900 prteparatio-
1831 1876 1876 1900 π,
1905 1831 2101 1887 liando.

207 1876 544 1969 ῖᾶέξζξῖαῖί
1045 1876 1377 1965 ηεηιυῖαιηι,
1397 1876 1560 1969 [gerere
1574 1876 1801 1972 rtalealif
1829 1876 1877 1936 Β

207 1985 255 2023 Ct
273 1972 378 2026 bat.
426 1971 543 2026 Una
578 1970 767 2036 autem,
795 1977 900 2026 etc.
1047 1971 1174 2042 quid
1235 1986 1338 2025 non
1393 1971 1592 2025 licebat.
1659 1970 1797 2034 Quid

1049 2042 1183 2113 enim
1208 2042 1353 2095 aliud
1375 2059 1463 2113 per
1479 2042 1678 2096 hortum
1701 2043 1799 2096 nisi

210 2110 452 2167 Ecclesia
493 2111 685 2167 Christi
705 2112 1038 2184 intelligitur?
1067 2110 1282 2184 Hortus
1301 2110 1488 2183 quippe
1519 2115 1724 2166 clausus
1751 2121 1799 2165 et

211 2185 336 2254 fons
356 2185 591 2256 signatus
626 2184 801 2252 (Cant.
828 2182 903 2249 Ii,
931 2182 1018 2254 12)
1038 2185 1148 2255 ipsa
1165 2193 1238 2237 est
1260 2182 1490 2238 Ecclesia
1513 2183 1796 2238 Catholica.

213 2255 362 2322 Quid
402 2255 518 2309 vero
564 2270 655 2322 per
695 2256 1028 2325 sepulturam,
1057 2255 1154 2325 nisi
1201 2256 1512 2325 conscientia
1559 2255 1802 2308 uniuscu-

200 2327 401 2399 iusque
441 2326 660 2399 hominis
702 2323 982 2399 habitantis
1008 2328 1061 2399 in
1083 2323 1325 2399 Ecclesia
1356 2326 1454 2399 Dei,
1478 2327 1798 2399 designatur.

91 2414 98 2418 ”
200 2395 599 2468 ὶιὺὶηροὶιὶιιιν
641 2413 826 2465 corpus
869 2396 1097 2452 Christi?
1142 2398 1206 2451 Et
1236 2399 1383 2468 quia,
1411 2397 1542 2451 sicut
1573 2395 1798 2468 diximus

209 2479 596 2539 monumentum
629 2483 813 2522 novum
839 2467 956 2523 ideo
995 2470 1189 2522 dictum
1215 2480 1286 2523 est
1314 2467 1454 2539 [cod.
1484 2467 1611 2539 esse]
1631 2508 1646 2532 ,
1677 2469 1801 2536 quia

208 2538 393 2611 nullus
433 2539 570 2611 alius
601 2547 826 2593 mortuus
855 2539 909 2592 in
938 2556 995 2594 eo
1026 2544 1215 2611 fuerat,
1240 2538 1389 2594 itaet
1419 2538 1604 2593 animai
1619 2539 1672 2592 in
1698 2555 1800 2611 qua

208 2609 452 2664 Christus
497 2610 772 2682 inhabitat,
798 2626 830 2663 a
870 2609 1077 2678 peccato
1103 2613 1390 2682 mortifero,
1417 2613 1552 2666 velut
1580 2626 1612 2664 a
1640 2609 1794 2676 vitiis,

203 2695 325 2737 esse
345 2682 513 2735 aliena
541 2681 704 2738 debet.
738 2681 942 2736 Caetera
969 2682 1184 2738 desunt.

736 2810 1040 2853 TRAC'I‘ATUS
1083 2810 1267 2852 CXXIII.

286 2907 498 2980 Legitur
545 2908 596 2963 in
647 2918 874 2979 quatuor
919 2907 1080 2963 codd.
1124 2907 1363 2963 Florent.
1411 2921 1606 2977 nempe
1652 2903 1792 2962 Bibl.

203 3000 469 3058 Laurent.
505 2999 639 3071 plut.
689 3013 820 3065 xvn,
850 2997 974 3054 cod.
1007 3014 1168 3063 xxxv,
1201 2998 1293 3053 fol.
1335 3000 1438 3064 54;
1469 2999 1602 3068 plut.
1642 3013 1795 3068 xvm,

199 3092 334 3149 cod.
369 3107 523 3161 xxiii,
549 3094 646 3149 fol.
699 3091 836 3160 Ill;
866 3090 1001 3147 ibid.
1031 3091 1154 3146 cod.
1204 3107 1360 3157 xxiv,
1395 3090 1487 3145 lol.
1521 3089 1625 3144 I62
1651 3089 1716 3158 b,
1744 3098 1800 3144 et

201 3186 345 3256 plut.
380 3201 485 3240 xxx
525 3185 701 3240 sinist.
747 3183 870 3238 eod.
922 3198 962 3254 ι,
995 3183 1088 3238 lol.
1133 3181 1234 3237 M7
1265 3183 1314 3248 b,
1355 3197 1489 3252 quos
1537 3181 1797 3237 habemus

204 3276 565 3346 transcriptos
601 3289 632 3330 a
679 3291 734 3330 ιι.
789 3277 824 3330 ι
863 3274 931 3329 ad
989 3275 1168 3329 ﬁnem.
1217 3273 1573 3344 Reperiuntur
1603 3275 1797 3330 iterum
1825 3256 1874 3322 (ἶ

197 3368 342 3439 plut.
374 3383 504 3434 xvn,
531 3369 653 3423 cod.
681 3383 834 3433 me,
863 3368 958 3423 fol.
989 3365 1092 3424 I58
1119 3368 1178 3436 b,
1211 3378 1265 3425 et
1307 3370 1444 3424 Bibl.
1483 3369 1648 3425 didit.
1671 3370 1794 3426 cod.

194 3475 351 3524 cxu,
383 3459 475 3514 lol.
521 3459 622 3516 l25
655 3461 708 3527 b,
739 3471 793 3516 et
820 3457 917 3516 fol.
960 3459 1082 3517 155.
1133 3462 1236 3517 Sed
1267 3462 1456 3519 horum
1489 3463 1799 3519 ultimorum

199 3559 452 3606 tenorem
487 3551 639 3605 nobis
674 3566 778 3607 non
808 3553 1222 3609 transmiserunt
1249 3551 1455 3608 Italiani
1485 3555 1795 3624 scriptores.

283 3667 428 3722 Edit.
473 3665 538 3722 N.
604 3666 659 3722 4.
727 3666 968 3724 Animam

198 3755 367 3810 suam,
410 3740 670 3810 positurus
718 3753 814 3808 pro
861 3737 968 3794 suis

200 3809 461 3865 omnibus.

280 3878 415 3934 Ibid.
467 3881 600 3946 Quia
646 3878 764 3939 vivit

205 3963 470 4006 mortuum
499 3951 725 4005 dolebas.

282 4023 345 4076 Ν.
373 4023 425 4078 5.
451 4021 513 4076 Si
540 4039 619 4077 me
636 4023 839 4095 diligis,
865 4038 968 4077 non

205 4102 259 4148 te
295 4109 502 4163 pascere
531 4093 719 4163 cogita.

309 4165 412 4219 bid.
447 4163 612 4218 Erunt
637 4165 772 4218 enim
801 4165 967 4219 homi-

209 4253 298 4292 nes
326 4237 520 4305 seipsos
543 4244 794 4291 amantes.

283 4375 413 4432 Ibid.
435 4376 545 4444 Quo
560 4377 690 4430 mori
704 4376 964 4441 nolumus,

209 4457 259 4505 et
285 4451 488 4520 quando
525 4464 640 4501 cum
668 4445 868 4502 Christo
893 4449 965 4502 vi-

209 4536 322 4574 rere
349 4521 597 4574 volumus.

282 4590 412 4644 Ibid.
483 4588 621 4644 Nam
686 4589 964 4659 cruciﬁxus

210 4677 315 4715 non
343 4676 445 4733 quo
474 4660 669 4716 nolebat
697 4659 842 4714 abiit.

1109 3665 1244 3722 Cod.
1295 3683 1334 3722 I.
1376 3668 1612 3722 Animam
1652 3685 1800 3726 suam

1073 3743 1296 3792 oslturus
1331 3754 1425 3808 pro
1462 3740 1566 3792 suis
1597 3740 1790 3795 ovibus.

1088 3809 1163 3864 id.
1196 3824 1306 3864 var.
1339 3808 1507 3864 Maur.

1107 3879 1239 3936 Cod.
1278 3896 1440 3935 xxxv.
1501 3881 1636 3945 Quia
1681 3880 1798 3935 vivit

1040 3966 1191 4020 quem
1232 3951 1533 4005 moriturum
1569 3951 1797 4005 dolebas.

1111 4022 1243 4078 Cod.
1261 4039 1404 4078 χχιιι.
1423 4023 1483 4078 Si
1500 4039 1580 4076 me
1601 4023 1794 4092 diligis,

1039 4107 1142 4147 non
1172 4103 1284 4149 tuas
1313 4109 1520 4162 pascere
1542 4102 1588 4148 te
1606 4094 1792 4164 cogita.

1109 4164 1279 4221 Codd.
1336 4181 1468 4220 xxut
1523 4175 1578 4221 et
1636 4180 1792 4220 xxxv.

1039 4234 1208 4290 Erunt
1297 4237 1524 4292 homines
1603 4237 1797 4306 seipsos

1038 4316 1290 4363 amantes.

1108 4376 1240 4432 Cod.
1293 4394 1449 4434 χχιιι.
1507 4378 1621 4445 Quo
1666 4378 1797 4432 mori

1039 4449 1298 4515 nolumus,
1314 4460 1362 4503 et
1386 4467 1482 4521 quo
1512 4466 1625 4504 cum
1645 4447 1796 4504 Chri-

1037 4530 1115 4572 sto
1144 4521 1306 4572 vivere
1333 4523 1586 4574 volumus.

1109 4589 1185 4643 Id.
1235 4589 1371 4643 Nam
1411 4593 1584 4644 vinctis
1631 4591 1796 4643 mani-

1040 4661 1133 4714 bus
1209 4662 1481 4728 cruci/ixus
1539 4678 1641 4715 non
1693 4677 1794 4731 quo

1041 4731 1242 4787 nolebat
1264 4731 1409 4786 abiit.

816 3895 966 3950 quem

400 4862 603 4920 LIBER
645 4863 731 4918 DE
777 4862 1112 4919 DOCTRINA
1165 4856 1608 4923 CIIRISTIANA.

285 4979 503 5050 Legitur
547 4993 670 5049 pars
715 4950 960 5050 quaedam
1005 4979 1100 5035 lib.
1133 4996 1172 5046 ι,
1200 4997 1393 5051 nempe
1416 4999 1446 5037 a
1475 4998 1531 5037 n.
1560 4982 1594 5035 9
1632 4983 1698 5038 ad
1729 4984 1796 5040 I5

213 5074 503 5142 esclusive,
540 5074 594 5128 in
621 5073 762 5130 Bibl.
796 5071 1077 5141 Laurent.,
1105 5074 1239 5145 plut.
1274 5089 1366 5141 sn,
1390 5075 1517 5134 cod.
1559 5092 1668 5144 xiv,
1698 5076 1792 5133 lol.

211 5165 318 5221 220
346 5166 395 5220 lt.

284 5277 425 5333 Edit.
463 5276 526 5333 N.
547 5276 602 5332 9.
635 5278 882 5334 Omnibus
897 5279 966 5334 ad

1109 5279 1239 5335 Cod.
1290 5279 1360 5335 ita
1406 5281 1590 5350 incipit
1619 5284 1795 5340 verbis

218 5349 688 5420 contemplandum,
718 5358 823 5406 etc.

1039 5350 1252 5422 aliunde
1292 5353 1598 5422 assumptis.
1670 5355 1796 5409 [hec

1043 5421 1261 5475 dicimus
1303 5433 1352 5478 et
1387 5421 1493 5477 hcce
1534 5425 1792 5493 docemus,

219 5490 525 5566 c_harissimt,
551 5492 689 5566 quod
714 5489 850 5566 Deus
876 5494 966 5546 lux
991 5502 1065 5566 est
1086 5495 1345 5561 mentium,
1376 5511 1475 5547 non
1501 5489 1788 5566 corporum;

219 5561 386 5635 Beati,
417 5563 619 5632 inquit,
649 5564 838 5616 mundo
877 5565 1030 5618 corde
1050 5605 1064 5629 ,
1106 5566 1345 5635 quoniam
1389 5568 1484 5635 ipsi
1514 5561 1680 5622 Deum
1713 5568 1792 5622 vi-

219 5632 400 5687 debant
423 5649 442 5698 ;
469 5634 795 5704 onmibusque
816 5635 884 5687 ad
913 5632 1380 5704 contemplandum,
1408 5632 1514 5691 etc.

283 5724 351 5781 N.
385 5725 468 5784 11.
520 5726 670 5794 Quod
706 5727 970 5796 inﬁrmum
1113 5727 1190 5782 Id.
1231 5728 1378 5796 Quod
1421 5729 1677 5796 inﬁrmum
1721 5738 1796 5786 est

217 5797 290 5850 est
319 5797 436 5864 Dei,
467 5799 649 5866 [artius
695 5808 767 5852 est
807 5798 970 5851 homi-
1043 5799 1157 5864 Dei,
1190 5800 1369 5864 [artius
1396 5811 1466 5855 est
1509 5817 1663 5868 quam
1703 5801 1796 5859 hu-

217 5867 383 5921 nibus.
1040 5871 1217 5925 mines.

2803 1129 2933 1213 God.
2965 1133 3104 1213 Quid
3119 1147 3298 1213 autem
3321 1141 3484 1213 signi-

2730 1197 2852 1267 ﬁcat
2882 1197 3085 1260 oleum?
3109 1207 3304 1266 Mirum
3349 1197 3488 1266 dide-

2732 1279 2814 1322 tur
2841 1275 2978 1343 quod
2996 1279 3247 1350 sapientes
3271 1285 3488 1350 petenti-

2731 1339 2822 1396 bus
2852 1360 2956 1398 non
2980 1353 3373 1409 communicant.

2808 1481 2882 1538 Id.
2956 1485 3145 1544 Probet
3203 1502 3373 1548 autem
3435 1511 3490 1550 se

2734 1552 2884 1630 homo
2897 1589 2923 1630 ,_
2934 1559 3131 1630 inquit.

2805 1625 2884 1681 Id.
2899 1627 2967 1680 Et
2987 1625 3246 1708 eisvanam
3269 1637 3488 1708 gloriam

2734 1704 2978 1822 mmigrat
3065 1703 3222 1770 fatuis
3269 1703 3288 1708 ⁷
3301 1712 3488 1765 conci-

2493 1941 2731 1990 QUES'I’IO
2769 1943 2896 1984 LXII.

1973 2036 2187 2107 Legitur
2211 2038 2267 2093 in
2295 2038 2481 2094 eadem
2530 2037 2664 2094 Bibl.
2701 2040 2930 2110 Μιιεεη..
2981 2047 3102 2101 cod.
3138 2065 3211 2118 xi,
3240 2051 3334 2109 fol.
3358 2053 3483 2112 I00.

1977 2128 2120 2183 Edit.
2137 2129 2336 2197 Quaest.
2357 2147 2386 2184 ι.
2399 2147 2471 2185 xu
2486 2130 2662 2183 Domi-

1903 2215 1989 2264 ne,
2009 2212 2260 2254 memento
2290 2203 2405 2268 mei,
2437 2202 2561 2255 dum
2580 2217 2660 2254 ve-

1902 2272 2036 2323 neris
2064 2271 2118 2325 in
2146 2288 2357 2327 reanum
2386 2283 2550 2327 tuum.

1973 2341 2108 2414 Ibid.
2123 2412 2130 2414 _
2194 2341 2460 2411 Quomodo
2537 2361 2658 2414 ergo

1901 2411 2150 2484 ineffabili
2195 2422 2438 2484 potestate
2493 2411 2655 2468 domi-

1902 2485 2068 2556 nantis
2119 2483 2214 2537 Dei
2263 2496 2415 2556 atque
2449 2487 2655 2556 justitia

1901 2554 2201 2626 deputatum
2223 2565 2296 2610 est
2314 2554 2336 2626 ,‘
2357 2554 2458 2611 etc.

1973 2625 2106 2680 Ibid.
2134 2625 2248 2693 Qua
2277 2625 2452 2683 omnes
2472 2628 2658 2686 divina

1900 2696 2125 2750 actiones
2185 2698 2414 2752 locorum
2463 2707 2660 2770 tempo-

1900 2781 2113 2835 rumque
2161 2770 2340 2823 ordine
2383 2785 2447 2824 ac
2476 2770 2660 2825 distin-

1899 2839 2064 2892 ctione
2133 2839 2480 2908 pulcherrima
2537 2859 2656 2913 per-

1900 2917 2146 2979 aguntur.

2807 2133 2938 2215 ῼοά.
2973 2135 3209 2215 Domine,
3243 2157 3491 2202 memento

2735 2219 2854 2326 quer,
2869 2222 2983 2260 cum
2999 2214 3192 2266 veneris
3211 2215 3262 2267 in
3279 2233 3492 2287 regnum

2757 2291 2898 2326 uum.

2757 2291 2898 2332 uum.

2802 2345 2878 2432 Id.
2909 2347 3174 2432 Quomodo
3199 2372 3328 2432 ergo
3356 2360 3489 2432 inef-

2728 2417 2873 2499 fabili
2900 2430 3144 2499 potestate
3174 2417 3488 2499 dominantis

2729 2487 2826 2541 Dei
2842 2490 2911 2541 ad
2929 2493 3179 2558 iustitiam
3193 2487 3487 2569 deputatum

2728 2569 2823 2624 est,
2854 2569 2960 2616 etc.

2805 2631 2880 2684 Id.
2931 2634 3046 2698 Qua
3092 2654 3264 2692 omnes
3302 2642 3492 2699 divini:

2731 2702 2952 2757 actiones
2970 2743 2986 2769 ,
3019 2706 3245 2782 locorum
3290 2722 3488 2782 tempo-

2730 2789 2946 2843 rumque
3005 2778 3246 2846 ordines,
3306 2778 3490 2840 dasiin-

2729 2846 2895 2926 ctione
2963 2849 3308 2916 pulcherrima
3369 2872 3489 2926 per-

2730 2923 2973 2990 aguntur.

2584 3028 2821 3088 SERMO

2434 3115 2514 3172 De
2549 3121 2688 3178 urbis
2725 3124 2949 3180 excidio.

1971 3203 2190 3275 Legitur
2217 3207 2273 3264 in
2300 3209 2436 3265 Bibl.
2469 3209 2676 3278 Fesul.,
2701 3218 2823 3271 cod.
2856 3233 2946 3284 xx,
2971 3220 3061 3274 fol.
3091 3220 3162 3274 45
3183 3224 3232 3277 b.

1975 3319 2115 3394 Edit.
2280 3323 2330 3377 I.
2380 3321 2485 3379 Per
2529 3341 2658 3394 quos

1904 3391 2028 3464 tria‘
2042 3389 2305 3464 hominum
2355 3389 2552 3464 genera
2587 3396 2658 3449 si-

1903 3461 2112 3530 gniﬁcat
2138 3461 2293 3518 Deus.

1974 3532 2108 3587 Ibid.
2193 3535 2462 3601 Quomodo
2539 3552 2660 3606 ergo

1902 3613 2138 3672 poterant
2211 3606 2276 3660 de
2363 3608 2660 3666 imminente

1903 3674 2228 3731 tribulatione
2257 3677 2485 3733 liberari.

1970 3745 2106 3800 Ibid.
2141 3746 2328 3821 Sedin
2352 3749 2468 3806 Noe
2495 3750 2658 3821 signi-

1899 3815 2122 3888 ﬁcantur
2151 3817 2270 3873 boni
2299 3815 2579 3888 prapositi.

1971 3885 2112 3966 Νηὲ.
2136 3885 2322 3966 trum
2341 3894 2384 3947 si
2396 3885 2568 3948 decem
2574 3896 2660 3966 ju-

1900 3967 2004 4032 stos
2030 3959 2082 4032 in
2105 3962 2302 4032 civitate
2325 3959 2678 4032 compererit”

1972 4029 2105 4106 Ibid.
2148 4031 2267 4106 li’ec
2322 4029 2535 4106 viginti,
2564 4051 2655 4090 nec

1898 4100 2108 4155 decem?
2136 4103 2198 4158 Si
2227 4100 2399 4160 autem
2441 4105 2656 4162 incredi-

2033 4181 2124 4242 est,
2149 4189 2307 4245 quare
2350 4193 2453 4233 non
2492 4178 2650 4246 Deus,

1971 4314 2104 4388 Ibid.
2142 4316 2254 4371 Hoc
2279 4318 2386 4388 ipse
2405 4315 2656 4378 Dominus

1897 4387 2262 4454 prophetarum
2300 4387 2353 4444 et
2399 4393 2658 4460 apostolo-

1897 4472 2030 4510 rum.

1968 4527 2032 4582 N.
2066 4529 2120 4584 5.
2144 4528 2314 4586 Multa
2338 4533 2394 4588 in
2412 4533 2511 4588 hac
2532 4535 2657 4591 urbe

1824 4634 1878 4695 Β
1900 4614 2004 4654 esse
2028 4604 2321 4658 commissa.

1973 4739 2106 4796 Ibid.
2133 4741 2438 4799 Putrescens
2463 4746 2654 4814 ulcere,

1900 4813 2040 4865 sanie
2063 4815 2250 4880 ﬂuens.

1971 4881 2100 4938 Ibid.
2129 4883 2278 4957 Quod
2291 4897 2402 4957 erat
2419 4887 2658 4957 gravius?

1900 4951 2058 5007 hocne
2091 4970 2158 5005 an
2193 4955 2326 5009 illud
2355 4951 2586 5012 bellum?

1972 5022 2105 5078 Ibid.
2172 5025 2278 5082 Sed
2324 5027 2438 5084 ideo
2487 5030 2652 5084 minor

1903 5111 2072 5163 panni,
2094 5099 2230 5164 quod
2255 5097 2433 5154 absens
2455 5101 2649 5156 anima.

1970 5235 2102 5311 Ibid.
2140 5237 2245 5294 Sed
2276 5256 2393 5311 qua:
2424 5251 2653 5299 moneret

1901 5306 2298 5378 blasphemiam;
2563 5375 2566 5378 ,

1970 5376 2102 5459 Ibid.
2127 5381 2310 5459 {lperte
2332 5384 2524 5440 malum
2544 5376 2656 5439 sua-

1897 5450 1978 5504 det
2001 5450 2226 5506 inimica.

1969 5519 2100 5574 Ibid.
2131 5521 2277 5578 Mala
2301 5541 2402 5579 non
2428 5528 2652 5582 sustine-

1900 5592 2100 5646 ﬁmm?

1970 5659 2033 5716 N.
2067 5661 2121 5720 4.
2155 5663 2262 5720 Sed
2288 5669 2455 5722 nescio
2484 5680 2655 5725 utrum

1900 5733 2068 5860 xigor
2119 5735 2285 5807 gloria
2339 5739 2438 5808 fuit
2491 5743 2656 5798 sancti

1973 5873 2038 5932 Ν.
2061 5873 2113 5931 5.
2139 5874 2455 5952 Quicumque
2477 5879 2654 5938 Roma

2790 3326 2933 3407 _Cod.
2985 3328 3087 3384 Per
3111 3349 3236 3407 quos
3263 3336 3364 3407 tria
3391 3337 3490 3394 lto-

2731 3405 2926 3452 minum
2942 3417 3126 3470 genera
3141 3405 3307 3476 signat
3322 3406 3483 3466 Deus.

2799 3539 2878 3618 Id.
2914 3541 3199 3618 Quomodo,
3222 3563 3345 3618 ergo
3387 3565 3483 3618 po-

2731 3613 2920 3667 tuerint
2958 3615 3022 3670 de
3058 3613 3349 3673 imminente
3387 3613 3490 3677 tri-

2729 3681 2987 3739 bulatione
3016 3685 3238 3742 liberari.

2802 3753 2886 3832 Id._
2917 3755 3020 3832 Sed
3059 3758 3111 3812 in
3155 3757 3271 3814 Noe
3300 3761 3490 3832 signati

2727 3833 2846 3897 sunt
2869 3827 2988 3897 boni
3017 3831 3299 3897 praepositi.

2802 3896 2890 3978 Id..
2913 3895 3095 3978 Utrum
3125 3895 3171 3955 si
3195 3901 3366 3957 decem
3385 3908 3485 3975 ju-

2726 3975 2851 4040 sto_s_
2873 3970 3172 4040 incivitate
3216 3970 3481 4040 repererit.

2800 4037 2878 4094 Id.
2916 4039 3028 4111 Nec
3064 4042 3260 4111 viginti,
3275 4037 3374 4101 nec
3397 4050 3485 4100 de-

2726 4125 2835 4162 cem
2864 4109 3083 4167 saltem?
3111 4109 3228 4170 Hoc
3254 4117 3484 4172 incredi-

2728 4179 2827 4236 bile
2851 4191 2948 4236 εει.
2981 4184 3153 4248 Quare
3189 4203 3292 4242 non
3318 4184 3483 4257 Deus,

2727 4259 2832 4308 etc.

2799 4322 2881 4395 Id.
2925 4322 3044 4378 Hoc
3083 4326 3192 4395 ipse
3234 4327 3486 4387 Dominus

2731 4393 3111 4470 prophetarum
3134 4413 3181 4452 et
3224 4404 3483 4470 apostolo-

2727 4478 2842 4517 rum
2864 4465 3034 4523 Jesus.

2801 4537 2876 4590 Id.
2907 4535 3079 4593 Multa
3116 4541 3208 4596 sub
3249 4542 3344 4598 hac
3377 4547 3484 4601 dis-

2728 4607 3061 4689 solutione-in
3099 4611 3189 4666 illa
3223 4614 3346 4670 urbe
3375 4633 3485 4672 esse

2728 4693 3016 4733 commissa.

2800 4747 2877 4828 Id.
2929 4747 3233 4828 Eutrescens
3276 4754 3481 4825 ulcere,

2725 4833 2870 4872 sanie
2894 4833 3120 4876 cntuens.
3167 4855 3170 4858 ~

2799 4888 2878 4943 Id.
2925 4888 3062 4964 Quid
3089 4904 3193 4946 erat
3233 4897 3436 4964 gravius
3459 4901 3485 4954 Ρ

2731 4959 2922 5024 hocan
2953 4961 3082 5014 illud
3117 4959 3348 5020 bellum?

2800 5030 2874 5085 Id.
2949 5030 3054 5086 Sed
3136 5034 3249 5088 ideo
3312 5037 3478 5093 minor

2725 5118 2893 5180 pinna,
2908 5101 3010 5180 imo
3023 5103 3135 5158 ideo
3151 5105 3295 5180 nulla
3311 5125 3480 5180 pana,

2723 5173 2861 5244 quod
2903 5174 3082 5230 absens
3109 5179 3302 5234 anima.

2796 5244 2875 5298 Id.
2940 5244 3047 5300 Sed
3107 5264 3220 5315 quia
3270 5262 3486 5307 moveret

2725 5313 3114 5382 blasphemiam.

2797 5385 2888 5450 Id.
2920 5391 3100 5454 Aperte
3129 5391 3322 5443 malunt
3361 5407 3486 5448 sua-

2725 5457 2810 5516 det
2834 5458 3021 5512 amica.

2797 5529 2876 5599 Id.
2907 5526 3051 5582 Mala
3077 5545 3236 5599 quare
3261 5547 3364 5586 non
3394 5550 3484 5590 su-

2723 5598 3020 5656 stinebimus
3037 5600 3062 5656 ?

2801 5670 2874 5724 Id.
2938 5669 3043 5726 Sed
3091 5671 3257 5726 nescio
3308 5685 3482 5732 utrum

2725 5745 2893 5869 tJnIlblOf
2931 5741 3096 5812 gloria
3137 5742 3292 5812 fuerit
3317 5743 3483 5802 sancti

2763 5831 2791 5868 ο
2829 5852 2844 5867 .

2763 5831 2844 5868 ον.

2796 5884 2873 5940 Id.
2945 5883 3260 5954 Quicumque
3303 5883 3482 5944 Roma
