4018 6474
240 421 277 476 ί
287 421 399 480 223’;

328 541 487 606 Ibid.,
518 556 634 611 cap.
667 557 769 598 cm.
826 541 1012 599 Cathoo

231 609 355 666 lica
374 609 596 667 sanitate
616 613 883 684 fulgentes.
1085 618 1351 688 fulgentes.

569 743 722 783 uasa
759 745 826 784 ne
866 745 1100 786 mvsnsns
1138 727 1544 796 quassriomaus.

328 836 610 908 Reperitur
635 839 772 893 inter
792 840 1005 896 chartas
1035 842 1097 896 D.
1124 842 1456 914 Frangipane
1484 862 1585 900 una
1613 846 1836 917 quaestio

236 944 375 998 qua:
403 931 698 999 supplenda
725 931 921 986 dicitur
949 933 1042 988 fol.
1069 933 1123 1001 4,
1153 936 1378 1000 tom.Vl,
1408 936 1706 1006 Benedict.,
1738 942 1832 996 sed

235 1019 403 1075 locus
429 1021 584 1076 aliter
609 1037 716 1078 non
742 1023 1031 1091 indicatur,
1057 1040 1155 1080 nec
1178 1035 1322 1080 recta
1351 1027 1558 1082 videtur
1584 1046 1713 1097 vaga
1743 1033 1833 1086 illa

234 1115 521 1172 iudicatio.
573 1117 720 1174 flanc
769 1129 945 1174 autem
997 1120 1348 1189 quaestionem
1400 1122 1540 1191 apud
1592 1133 1831 1178 sanctum

234 1209 602 1278 Augustinum
649 1210 892 1265 invenire
925 1226 1028 1266 non
1057 1213 1226 1281 potui.
1268 1212 1358 1268 Sic
1386 1223 1562 1270 autem
1587 1229 1645 1270 se
1674 1215 1833 1270 habet

233 1301 304 1356 in
331 1302 450 1358 cod.
481 1301 692 1358 Cassia.
716 1318 880 1370 cun,
913 1303 1007 1358 fol.
1041 1303 1111 1358 20
1137 1321 1168 1359 a
1200 1315 1370 1376 tergo.

738 1431 802 1469 DE
842 1431 874 1469 Μ
883 1431 996 1471 Αϐιε
1035 1431 1324 1472 ΡΗΔΒΔΟΜΒ

322 1528 436 1583 Νοιι
466 1537 677 1597 Oportet
703 1529 906 1584 moveri
937 1545 1056 1584 cum
1101 1530 1320 1600 magicis
1348 1532 1551 1587 artibus
1577 1534 1830 1590 miracula

236 1621 384 1678 ﬁant
429 1623 737 1691 plerumque
799 1623 992 1678 similia
1044 1624 1346 1689 miraculis,
1397 1639 1515 1694 qua:
1565 1627 1695 1682 fiunt
1739 1643 1833 1696 per

230 1726 460 1772 sanctos
506 1716 600 1771 Dei
646 1731 864 1783 servos,
913 1717 1052 1772 sicut
1096 1719 1352 1787 scriptum
1399 1727 1480 1773 est
1528 1720 1580 1774 in
1623 1720 1828 1789 Exodo,

232 1808 385 1878 quod
435 1809 574 1878 magi
622 1808 915 1864 Pharaonis
965 1808 1205 1864 fecerunt
1259 1811 1512 1865 nonnulla
1561 1813 1826 1881 similiter,

1491 427 1779 485 LECTION
1787 430 1866 486 ES
1903 430 2304 494 VARIANTES.

1157 547 1232 601 Id.
1266 547 1528 604 Catholica
1579 552 1844 606 sanctitate

3375 455 3513 516 1226

1870 553 1919 610 Α
1949 552 2123 607 solum
2171 554 2228 609 in
2274 557 2372 612 ista
2419 557 2682 629 humana,
2732 579 2919 622 verum
2965 570 3128 626 etiam
3179 571 3235 627 in
3278 577 3516 645 angelica

1941 651 2217 714 creatura,
2267 663 2426 718 quam
2483 661 2539 706 nt
2589 654 2712 708 mali
2759 656 2904 726 juste
2949 661 3163 718 miseria
3207 665 3513 736 puniantur,

1941 731 2069 787 boni
2101 749 2228 790 vero
2249 738 2586 806 beatitudine
2615 743 2997 813 perfruantur?
3026 751 3182 819 Quod
3209 731 3342 827 ergo
3372 731 3515 814 nunc

1939 825 2078 880 malo
2107 827 2310 885 homini
2337 834 2487 902 quasi
2516 835 2652 893 bene
2677 847 2792 907 est,
2823 843 3029 898 ochlta
3075 860 3233 914 paena
3275 825 3390 916 est,
3436 850 3516 908 fe-

1938 914 2107 971 licitas
2139 919 2287 975 falsa.
2331 922 2482 990 Quod
2530 937 2706 984 autem
2752 931 2953 987 homini
2993 934 3134 990 bono
3172 941 3312 995 male
3355 914 3510 1014 [Vcod.

1937 1009 2131 1080 malo.]
2177 1021 2292 1078 est,
2342 1031 2446 1071 non
2493 1021 2769 1087 prtemium
2804 1026 2986 1090 pietati
3017 1040 3259 1099 negatur,
3305 1009 3398 1088 se—d
3444 1036 3514 1090 ad

1935 1099 2142 1190 majora
2166 1105 2392 1190 praemia
2422 1108 2676 1174 patientia
2703 1112 2921 1181 pietatis
2942 1128 3186 1188 augetur.
3213 1121 3340 1176 Item
3368 1124 3513 1190 quod

1933 1186 2249 1256 aliquando,
2277 1201 2334 1247 et
2361 1195 2412 1248 in
2443 1195 2540 1250 hac
2565 1199 2673 1252 vita
2702 1202 2844 1256 malo
2871 1186 3071 1259 homini
3103 1208 3241 1264 male
3279 1186 3400 1276 est,
3421 1222 3514 1268 aut

1933 1279 2236 1336 emendatio
2267 1293 2380 1351 est,
2410 1296 2502 1340 aut
2529 1289 2748 1347 afﬂictio
2779 1304 3138 1364 peccatorum;
3163 1301 3378 1369 quando
3407 1318 3510 1358 au-

1940 1375 2044 1422 tem
2071 1368 2210 1423 bono
2241 1371 2440 1429 homini
2469 1376 2606 1433 bene
2649 1389 2770 1448 est,
2816 1397 2922 1439 non
2964 1395 3046 1441 est
3085 1368 3224 1443 illius
3265 1405 3511 1458 superna:

1938 1457 2128 1524 patriae
2156 1459 2515 1518 certissimum
2541 1468 2822 1536 gaudium,
2864 1472 2958 1528 sed
3006 1475 3162 1546 hujus
3197 1480 3512 1546 periculosa

1932 1548 2383 1616 peregrinationis
2431 1556 2819 1628 qualecumque
2860 1564 3131 1621 solatium.
3179 1568 3306 1625 Haec
3350 1582 3512 1642 atque

1936 1635 2245 1732 hujusmodi
2276 1642 2320 1696 si
2351 1645 2609 1714 cogitaret
2641 1650 2867 1707 infidelis
2893 1655 3171 1727 impietas,
3222 1662 3277 1715 in
3318 1635 3511 1732 διώξε-

1931 1727 2119 1820 nandis
2146 1739 2199 1782 et
2231 1732 2544 1789 ordinandis
2573 1738 2737 1795 rebus
2763 1740 3012 1800 humanis
3054 1748 3286 1804 divinam
3322 1727 3511 1820 provi-

1931 1815 2164 1871 dentiam
2216 1835 2320 1874 non
2371 1835 2614 1893 negaret.
2661 1827 2772 1884 Nec
2832 1831 2885 1886 in
2947 1835 3059 1890 suis
3109 1815 3407 1896 tenebrosis
3456 1853 3512 1899 et

231 1898 383 1953 sicut
426 1897 552 1953 fecit
579 1899 804 1970 Moyses.
858 1899 972 1953 Non
1022 1915 1148 1970 ergo
1195 1899 1311 1956 haec
1357 1908 1571 1969 oportet
1625 1903 1825 1971 mirari,
1858 1920 1907 1981 B
1933 1905 2223 1961 mortiferis
2255 1909 2475 1979 viribus,
2503 1925 2688 1969 contra
2714 1917 2893 1975 lumen
2935 1932 2989 1977 et
3027 1925 3186 1981 vitam
3231 1897 3510 1999 sapientia

231 1991 368 2060 quia
399 1991 600 2060 omnia,
629 2007 746 2062 quae
784 1990 1064 2047 visibiliter
1113 1994 1266 2062 ﬂunt,
1298 1995 1456 2049 etiam
1488 2012 1583 2065 per
1613 1995 1828 2050 inferio-

232 2097 330 2138 res
373 2091 665 2151 potestates
716 2084 857 2139 aeris
895 2083 1052 2153 hujus
1100 2101 1205 2140 non
1255 2086 1488 2142 absurde
1520 2087 1632 2143 ﬁeri
1670 2105 1827 2158 posse

230 2175 546 2231 creduntur.
586 2177 692 2232 Sed
735 2177 839 2234 hoc
869 2179 1122 2246 interest,
1157 2180 1443 2250 quodcum
1485 2182 1657 2236 sancti
1702 2183 1827 2238 talia

231 2266 462 2333 faciunt,
517 2267 572 2322 in
620 2268 834 2323 nomine
865 2268 961 2323 Dei
1004 2269 1213 2324 Domini
1265 2274 1502 2326 omnium
1551 2287 1728 2328 rerum
1760 2274 1827 2328 de

233 2358 642 2415 sublimioribus
707 2360 946 2429 partibus
984 2360 1204 2429 jubetur
1261 2362 1500 2417 inferiori
1544 2373 1821 2419 creaturae.

231 2451 370 2508 Cum
401 2464 581 2508 autem
613 2454 736 2506 mali
773 2454 1017 2509 homines
1049 2457 1267 2524 magicis
1296 2455 1500 2510 artibus
1533 2466 1826 2524 operantur

232 2542 457 2608 similia,
483 2543 535 2596 in
570 2557 760 2596 manus
800 2558 925 2597 suas
964 2542 1180 2610 dantur,
1232 2558 1352 2599 cum
1397 2546 1755 2601 exaudiuntur
1792 2563 1823 2602 a

201 2635 590 2690 daemonibus.
624 2635 774 2705 Digni
823 2645 948 2690 sunt
993 2637 1160 2703 enim,
1209 2639 1300 2706 qui
1349 2638 1434 2691 tali
1485 2639 1824 2696 exauditione

235 2725 592 2794 decipiantur,
623 2739 681 2781 ut
707 2743 858 2793 poena
890 2728 993 2783 illis
1027 2728 1121 2782 fiat
1147 2729 1247 2784 hoc
1273 2730 1414 2798 quod
1445 2731 1690 2806 videntur
1718 2731 1822 2786 im-

234 2828 448 2888 petrare
479 2819 818 2885 beneficium,
847 2835 966 2874 cum
997 2820 1078 2875 eis
1117 2820 1370 2876 exhibent
1399 2823 1546 2891 quasi
1579 2823 1821 2890 privatim

236 2910 520 2966 inferiores
565 2919 858 2979 potestates
899 2913 1142 2978 qumdam
1184 2913 1464 2977 miracula,
1514 2923 1571 2967 ut
1599 2929 1691 2968 eos
1722 2914 1821 2968 ha-

236 3000 401 3055 beant
425 3001 752 3072 suhjugatos,
789 3002 1054 3071 permissu
1095 3012 1272 3056 tamen
1308 3002 1504 3057 divinae
1535 3004 1818 3072 providen-

239 3092 354 3159 tiae,
384 3103 444 3147 ut
473 3109 566 3162 pro
595 3093 799 3148 meritis
827 3090 1125 3144 animarum
1159 3106 1252 3144 sua
1283 3093 1472 3161 cuique
1503 3094 1819 3148 tribuantur.

697 3219 768 3259 EX
807 3219 962 3258 LIBBO
999 3220 1066 3258 DE
1105 3217 1351 3259 SUSANNA.

307 3321 432 3377 Hmc
460 3329 714 3390 excerpta
743 3329 867 3374 sunt
914 3335 979 3374 ex
1011 3319 1147 3374 libro
1191 3321 1257 3375 de
1287 3319 1537 3375 Susanna
1577 3321 1630 3376 in
1660 3322 1814 3378 Com.

234 3411 391 3468 Bedes
419 3414 588 3466 sancti
620 3410 932 3482 Augustini;
983 3419 1218 3467 attamen
1249 3413 1526 3482 pervoluto
1551 3413 1612 3468 Ι).
1633 3415 1817 3486 Augu-

233 3501 362 3556 stini
393 3517 556 3571 opere
584 3499 890 3571 hujusmodi
917 3501 1108 3556 librum
1139 3502 1281 3557 haud
1309 3507 1507 3574 reperi;
1540 3505 1666 3560 duxi
1698 3504 1818 3562 ideo

235 3593 324 3648 hic
354 3593 664 3661 exemplari.

307 3684 444 3752 Quid
491 3684 696 3740 Hebraei
747 3687 1039 3756 reprobant
1089 3687 1367 3742 historiam
1401 3688 1688 3754 Susanna,
1739 3690 1820 3744 di-

235 3786 422 3832 centes
451 3791 568 3830 eam
618 3777 667 3830 in
701 3775 936 3831 Danielis
965 3777 1234 3832 volumine
1267 3794 1368 3830 non
1401 3777 1624 3833 haberi?
1658 3779 1823 3834 Debe-

236 3884 356 3924 mus
377 3869 660 3938 diligenter
692 3869 961 3937 inquirere
988 3871 1201 3923 nomina
1232 3869 1404 3924 schini
1433 3879 1488 3925 et
1520 3871 1682 3940 prini,
1705 3887 1824 3940 quae

237 3960 400 4016 latine
444 3961 547 4016 ilex
590 3970 644 4015 et
687 3960 942 4015 lentiscus
986 3963 1420 4029 interpretantur,
1453 3962 1496 4016 si
1547 3963 1654 4018 sint
1686 3963 1824 4028 apud

238 4052 510 4114 Hebraeos,
543 4063 595 4107 et
625 4067 784 4122 quam
813 4052 1047 4108 habeant
1076 4055 1474 4124 etymoIOgiam,
1499 4066 1555 4109 ut
1581 4069 1610 4109 a
1638 4056 1826 4111 scbino

239 4148 458 4214 scissio,
480 4157 534 4202 et
559 4163 587 4200 a
613 4147 784 4216 prino,
812 4150 1001 4215 sectio,
1031 4148 1144 4202 sive
1169 4148 1395 4202 serratio
1416 4148 1622 4204 dicatur
1651 4150 1826 4220 lingua

236 4259 442 4300 eorum.
497 4243 647 4310 Quod
700 4245 743 4298 si
795 4260 897 4298 non
947 4246 1107 4300 fuerit
1159 4245 1458 4312 inventum,
1510 4250 1828 4304 necessitate

239 4347 491 4404 cogemur
543 4343 598 4388 et
637 4348 734 4389 nos
773 4335 1112 4402 acquiescere
1161 4352 1348 4391 eorum
1400 4338 1700 4402 sententiis,
1731 4339 1824 4408 qui

239 4427 400 4498 graeci
433 4435 637 4480 tantum
668 4428 932 4480 sermonis
959 4428 1097 4481 hanc
1127 4429 1313 4482 volunt
1361 4445 1482 4484 esse
1510 4430 1820 4500 pericopen,

238 4533 357 4589 qua:
385 4531 608 4588 graecam
643 4525 844 4571 tantum
877 4517 1069 4572 habent
1095 4521 1502 4589 etymologiam,
1536 4533 1587 4577 et
1615 4523 1825 4578 hebrai-

1934 1995 2264 2090 perduraret.
2299 1998 2425 2053 illud
2456 2016 2584 2072 ergo
2611 2007 2847 2062 attendat
2875 2009 3038 2066 homo
3067 1995 3336 2084 infidelis,
3368 2022 3510 2090 quod

1930 2083 2111 2142 dicere
2137 2104 2240 2142 non
2273 2099 2448 2160 potest
2469 2095 2537 2148 ab
2564 2095 2867 2156 hominibus
2890 2102 3187 2162 institutum
3207 2152 3222 2177 ,
3248 2083 3509 2172 neDeum

1931 2186 2088 2244 neget
2115 2177 2273 2232 rebus
2303 2179 2547 2236 humanis
2576 2185 2817 2242 ordinem
2850 2189 3013 2258 dare,
3048 2195 3137 2263 qui
3177 2195 3358 2253 docuit
3397 2201 3508 2270 api-

1927 2265 2101 2318 culam
2131 2267 2293 2322 cellas
2311 2268 2565 2332 favorum
2598 2283 2702 2328 tam
2736 2279 3053 2337 mirabiliter
3084 2287 3354 2344 ordinare.
3400 2265 3523 2361 Ipsi.

1927 2354 2124 2422 quippe
2155 2355 2358 2412 homini
2386 2361 2507 2429 quis
2534 2363 2684 2419 dedit
2713 2367 3030 2428 inordinatis
3072 2376 3232 2433 rebus
3275 2354 3508 2450 offendi,

1928 2453 1983 2496 et
2009 2461 2190 2501 rerum
2220 2451 2408 2506 ordine
2431 2452 2708 2510 delectari.
2740 2457 2930 2516 Nonne
2959 2462 3061 2519 hoc
3090 2465 3142 2520 in
3173 2483 3283 2522 suae
3311 2472 3506 2530 anima:

1925 2545 2115 2592 natura
2147 2538 2383 2607 invenit,
2414 2559 2534 2613 qum
2562 2547 2660 2600 sibi
2692 2549 2807 2617 ipse
2838 2568 2942 2606 non
2975 2553 3137 2610 fecit?
3175 2557 3306 2614 Nam
3336 2578 3504 2632 quare

1925 2626 2114 2682 ordine
2162 2644 2267 2683 non
2315 2631 2533 2688 invento
2577 2637 2628 2690 in
2677 2641 2836 2695 rebus
2884 2643 3160 2712 humanis,
3203 2626 3369 2706 Deum
3420 2669 3506 2709 res

1925 2715 2188 2774 humanas
2217 2721 2515 2789 gubernare
2549 2742 2651 2780 non
2683 2729 2885 2795 credit,
2917 2733 3021 2805 nisi
3050 2727 3171 2804 qnia
3213 2738 3372 2795 rebus
3412 2743 3507 2797 in-

1923 2809 2183 2864 ordinatis
2227 2813 2465 2868 ordinata
2497 2817 2654 2886 [cod.
2685 2819 3042 2890 inordinatus,
3073 2841 3172 2882 nec
3198 2829 3393 2887 deinde
3421 2851 3506 2886 or-

1925 2901 2130 2958 dinatas
2189 2904 2365 2976 habet]
2399 2923 2710 2978 praeponere
2758 2917 3072 2972 naturaliter
3112 2921 3278 2977 novit.
3337 2922 3504 2994 Ergo-

1925 3006 1993 3044 ne
2048 2993 2208 3047 homo
2256 2996 2463 3065 judicat
2517 3002 2903 3060 ordinationem
2952 3009 3124 3077 potius
3171 3027 3328 3081 quam
3377 2993 3502 3084 per-

1925 3081 2277 3138 turbationem
2333 3090 2582 3156 operibus
2645 3095 2931 3151 convenire
2974 3098 3200 3165 divinis,
3251 3113 3306 3157 et
3361 3081 3502 3161 Deus

1924 3171 2226 3229 ordinatum
2278 3177 2536 3245 judicium
2582 3196 2687 3236 non
2731 3185 2893 3240 habet
2933 3188 3000 3242 de
3048 3191 3351 3246 hominibus
3391 3195 3504 3252 uni-

1841 3288 1890 3351 ο
1927 3266 2128 3330 versis,
2192 3269 2280 3332 qui
2345 3269 2519 3322 ordini
2583 3286 2800 3327 sensum
2865 3279 3066 3332 creavit
3124 3282 3178 3334 in
3235 3284 3505 3354 singulis?

1924 3354 2098 3412 Stabit
2137 3357 2323 3425 plane,
2373 3359 2572 3423 habet;
2604 3377 2708 3416 non
2739 3363 2944 3420 dubitat
2991 3367 3193 3437 pietas,
3247 3371 3347 3426 etsi
3390 3386 3498 3428 non

1923 3447 2325 3514 comprehendit
2355 3447 2657 3504 infirmitas.
2689 3451 2861 3521 Opera
2892 3452 3167 3512 fabrorum
3199 3473 3260 3513 ea
3308 3475 3504 3532 nempe

1925 3533 2206 3590 laudamus
2225 3576 2242 3600 ,
2270 3553 2390 3607 quae
2421 3538 2686 3608 inspicere
2716 3556 3000 3610 possumus
3021 3587 3036 3604 .
3064 3547 3496 3606 mechanicorum

1924 3636 2101 3681 autem
2132 3638 2428 3698 stupemus,
2460 3640 2515 3685 et
2547 3632 2646 3686 nisi
2673 3645 2856 3703 aperta
2883 3645 3041 3706 atque
3068 3649 3366 3696 monstrata
3388 3641 3501 3700 fue-

1924 3719 2066 3784 rint,
2103 3734 2194 3773 eos
2224 3721 2572 3788 impossibilia
2604 3725 2841 3792 potuisse
2889 3726 3161 3783 miramur.
3217 3731 3328 3791 Cur,
3369 3747 3500 3803 ergo

1924 3808 1994 3864 de
2019 3809 2238 3878 judiciis
2266 3811 2358 3866 Dei
2389 3820 2590 3866 temere
2632 3812 2967 3886 judicamus,
3017 3825 3073 3872 et
3112 3819 3280 3874 divini
3323 3823 3501 3889 operis

1927 3901 2202 3969 ordinem,
2249 3905 2339 3958 ubi
2400 3919 2505 3957 non
2551 3907 2879 3974 potuerimus
2920 3909 3138 3977 videre,
3190 3911 3502 3968 feStinamus

1928 4005 2159 4061 negare,
2205 3991 2480 4049 laudantes
2519 3995 2902 4063 providentiam
2939 3999 3209 4056 Creatoris
3248 4002 3302 4056 in
3346 4002 3503 4058 arbo-

1927 4098 2044 4136 rum
2075 4081 2244 4147 foliis,
2277 4091 2331 4138 et
2357 4098 2475 4138 eam
2514 4101 2619 4140 non
2651 4096 2897 4156 putantes
2937 4104 3058 4146 esse
3097 4093 3149 4145 in
3187 4093 3348 4149 rebus
3396 4095 3500 4150 hu-

1927 4174 2139 4240 manis;
2172 4190 2271 4230 nec
2298 4176 2476 4244 potius
2512 4178 2951 4250 investigabiliter
2987 4192 3042 4237 et
3081 4183 3309 4242 latenter
3356 4187 3502 4242 ordi-

1928 4279 2051 4320 nem
2077 4279 2256 4319 rerum
2280 4266 2633 4322 humanarum
2662 4284 2881 4327 currere
2909 4273 3200 4340 credimus,
3232 4292 3391 4346 quem
3415 4279 3502 4334 vel

1929 4356 2247 4410 immensum
2289 4359 2779 4428 comprehendere,
2813 4363 2893 4417 vel
2935 4365 3202 4420 occultum
3240 4368 3504 4438 inspicere

1931 4461 2038 4502 non
2095 4448 2386 4503 valemus?
2441 4450 2549 4505 Sed
2591 4467 2772 4506 rerum
2828 4454 3082 4511 divinitus
3139 4455 3504 4515 institutarum

1927 4538 2146 4593 ordines
2189 4539 2484 4606 manifesti,
2534 4557 2600 4596 ex
2643 4543 2835 4612 quibus
2873 4547 3232 4615 conjiciuntur
3276 4552 3505 4612 occulti,

237 4625 357 4664 eam
380 4625 485 4663 non
513 4609 721 4664 habeat.
752 4609 902 4675 Quod
929 4610 971 4664 si
999 4611 1119 4680 quis
1139 4611 1433 4666 ostenderit
1455 4614 1676 4668 duarum
1699 4615 1827 4669 ista-
1846 4653 1907 4718 Β
1933 4630 2132 4686 {crium
2159 4633 2320 4686 etiam
2349 4633 2530 4687 οουιο,
2559 4609 2865 4704 impiorum,

239 4719 360 4760 rum
407 4705 655 4759 arborum
706 4704 980 4759 scissionis
1010 4712 1066 4759 et
1092 4704 1392 4770 divisionis,
1421 4714 1474 4761 et
1500 4707 1554 4760 in
1586 4708 1816 4779 haabrea,

241 4799 640 4868 etymologiam,
675 4808 799 4852 tunc
831 4797 1123 4868 poterimus
1153 4799 1311 4853 etiam
1343 4796 1478 4852 hanc
1501 4799 1817 4869 scripturam

241 4890 504 4962 recipere.

587 4976 825 5025 QUlESTIO
862 4976 930 5015 DE
969 4976 1328 5017 PBOVIDENTIA
1367 4977 1476 5018 DEI.

315 5069 534 5141 Legitur
553 5083 673 5124 cum
693 5071 907 5126 nomine
919 5071 1086 5126 sancti
1101 5072 1378 5142 Augustini
1396 5074 1448 5128 in
1465 5074 1585 5130 cod.
1601 5090 1818 5141 cuvm,

242 5159 340 5214 fol.
372 5159 475 5211 “2
516 5175 545 5214 a
582 5170 762 5230 tergo,
809 5176 907 5216 nec
942 5161 1035 5217 illo
1073 5163 1289 5234 indigna
1315 5173 1430 5230 est,
1459 5166 1586 5222 licet
1613 5183 1821 5223 merum

240 5266 365 5306 esse
395 5249 634 5306 videatur
665 5252 1046 5324 fragmentum.

315 5340 450 5396 Hinc
489 5343 721 5398 maxime
757 5344 1085 5400 credendum
1113 5355 1228 5411 est,
1261 5348 1399 5416 quod
1430 5349 1598 5417 pietas
1629 5349 1825 5419 praedi-

241 5441 349 5497 cat,
366 5431 702 5489 manifestum
724 5435 956 5491 futurum
983 5451 1106 5492 esse
1126 5436 1407 5507 judicium,
1432 5439 1556 5508 quia
1580 5456 1722 5496 nunc
1745 5441 1822 5496 vi-

244 5524 436 5580 demus
476 5525 736 5580 humanas
777 5529 1057 5584 felicitates
1094 5538 1150 5584 et
1195 5529 1376 5586 clades
1404 5530 1689 5588 indiscrete
1730 5533 1824 5589 bo-

244 5615 330 5670 nis
357 5623 412 5670 et
441 5616 612 5680 malis,
637 5617 781 5672 velut
804 5617 923 5675 sine
955 5620 1305 5689 ullojudicio,
1337 5636 1455 5677 esse
1480 5638 1821 5686 communes.

245 5719 368 5760 cum
392 5705 486 5760 Dei
522 5707 747 5775 justitia,
791 5709 944 5779 cujus
983 5711 1060 5766 sic
1102 5711 1302 5766 eminet
1346 5711 1400 5766 in
1430 5713 1589 5768 rebus
1619 5713 1826 5784 exiguis

251 5797 617 5866 providentia,
649 5799 798 5853 nullo
829 5801 986 5855 modo
1016 5802 1280 5872 relinquat
1316 5801 1432 5858 sine
1474 5805 1584 5860 ullo
1623 5805 1826 5875 judicio

247 5889 445 5960 passim
474 5889 684 5946 ﬂuitare
713 5892 1106 5962 majora..Quid
1149 5908 1328 5953 autem
1367 5897 1542 5968 majus
1586 5908 1672 5954 est
1715 5915 1822 5956 non

526 5983 797 6045 Panos.
842 5983 1068 6047 XLV-ﬂ

2028 4757 2268 4806 ρυιεετιο
2318 4758 2385 4796 DE
2425 4759 2589 4797 REBUS
2627 4759 2887 4806 QUALlTER
2926 4762 3135 4802 lJ'l'ATUR
3173 4766 3409 4807 SAPIENS.

2000 4853 2218 4922 Legitur
2261 4852 2313 4906 in
2364 4853 2482 4908 cod.
2535 4869 2762 4919 cuvm,
2807 4853 2899 4910 fol.
2947 4856 3083 4925 115,
3126 4873 3247 4914 cum
3292 4864 3506 4918 nomine

1927 4943 2099 4998 sancti
2127 4944 2437 5014 Augustini,
2465 4945 2605 5014 apud
2634 4960 2792 5016 quem
2823 4947 3022 5002 similia
3049 4951 3295 5020 quaedam
3325 4954 3505 5011 videas

1928 5033 2133 5101 Quaest.
2168 5035 2371 5104 Evang.
2411 5033 2506 5088 lib.
2533 5049 2570 5089 ιι
2591 5075 2606 5101 ,
2638 5051 2694 5089 n.
2724 5035 2813 5090 if.

2000 5147 2255 5217 Quisquis
2303 5153 2482 5200 autem"
2524 5147 2683 5202 rebus
2725 5151 3169 5218 prmereuntibus
3212 5155 3507 5213 restrictius

1931 5240 2118 5306 utitur,
2146 5255 2304 5309 quam
2335 5251 2454 5294 sese
2482 5237 2684 5294 habent
2711 5254 2890 5296 mores
2941 5257 3126 5299 eorum
3165 5260 3285 5300 cum
3313 5247 3508 5316 quibus

1929 5329 2084 5396 vivit,
2113 5340 2204 5383 aut
2232 5329 2593 5398 intemperans
2613 5370 2629 5398 ,
2662 5339 2752 5384 aut
2787 5334 3188 5402 superstitiosus
3217 5345 3320 5389 est.
3351 5335 3508 5402 Quis-

1930 5422 2050 5491 quis
2075 5435 2206 5474 vero
2236 5421 2313 5476 sic
2341 5423 2420 5475 eis
2445 5421 2630 5485 utitur,
2665 5429 2720 5475 ut
2749 5431 2917 5476 metas
2966 5424 3366 5480 consuetudinis
3414 5426 3508 5480 bo-

1933 5526 2121 5566 norum
2161 5511 2300 5564 inter
2326 5525 2458 5580 quos
2495 5518 2756 5577 versatur,
2807 5512 3050 5576 excedat,
3076 5521 3171 5566 aut
3195 5513 3395 5580 aliquid
3424 5517 3502 5570 si-

1929 5604 2173 5676 gnificat,
2199 5613 2288 5657 aut
2317 5604 2610 5675 ﬂagitiosus
2632 5614 2748 5669 est;
2779 5603 2833 5657 in
2859 5603 3108 5660 omnibus
3135 5606 3278 5660 enim
3309 5607 3504 5664 talibus
3599 5638 3602 5640 η

1929 5711 2038 5751 non
2068 5711 2196 5750 usus
2225 5709 2402 5748 rerum
2421 5737 2436 5759 ,
2462 5694 2557 5749 sed
2586 5694 2749 5749 libido
2778 5693 2832 5747 in
2860 5695 3017 5765 culpa
3046 5705 3154 5752 est.
3179 5696 3316 5764 Quid
3344 5698 3510 5767 igitur

1930 5791 2082 5857 locis,
2113 5799 2168 5845 et
2195 5787 2554 5855 temporibus,
2585 5798 2638 5843 et
2663 5790 2907 5857 personis
2935 5792 3189 5847 convenit
3217 5793 3506 5862 diligenter

1931 5880 2310 5938 attendendum
2335 5887 2451 5946 est,
2479 5893 2546 5934 ue
2577 5887 2778 5934 temere
2797 5878 2994 5949 ﬂagitia
3022 5883 3502 5952 reprehendamus.

3059 5991 3133 6051 39
