  <div class='ocr_page' id='page_1' title='image "/cluster/home/n/w/nwhite01/storage/ocr_20150623/46-47/uva.x000217728/1119.png"; bbox 0 0 4018 6496; ppageno 0'>
   <div class='ocr_carea' id='block_1_1' title="bbox 613 403 746 467">
    <p class='ocr_par' dir='ltr' id='par_1_1' title="bbox 613 403 746 467">
     <span class='ocr_line' id='line_1_1' title="bbox 613 403 746 467; baseline 0.023 -4"><span class='ocrx_word' id='word_1_1' title='bbox 613 403 746 467; x_wconf 72' lang='grc'><strong>1251</strong></span> 
     </span>
    </p>
   </div>
   <div class='ocr_carea' id='block_1_2' title="bbox 1761 395 2684 460">
    <p class='ocr_par' dir='ltr' id='par_1_2' title="bbox 1761 395 2684 460">
     <span class='ocr_line' id='line_1_2' title="bbox 1761 395 2684 460; baseline -0.002 -2"><span class='ocrx_word' id='word_1_2' title='bbox 1761 398 2158 460; x_wconf 82' lang='lat' dir='ltr'><strong>APPENDICIS</strong></span> <span class='ocrx_word' id='word_1_3' title='bbox 2197 395 2684 460; x_wconf 77' lang='lat' dir='ltr'><strong>AUGUSTI-NIANI</strong></span> 
     </span>
    </p>
   </div>
   <div class='ocr_carea' id='block_1_3' title="bbox 609 518 3052 600">
    <p class='ocr_par' dir='ltr' id='par_1_3' title="bbox 609 518 3052 600">
     <span class='ocr_line' id='line_1_3' title="bbox 609 518 3052 600; baseline -0.005 -13"><span class='ocrx_word' id='word_1_4' title='bbox 609 541 728 588; x_wconf 85' lang='lat' dir='ltr'><strong>erat</strong></span> <span class='ocrx_word' id='word_1_5' title='bbox 750 573 766 597; x_wconf 98' lang='lat'><strong>,</strong></span> <span class='ocrx_word' id='word_1_6' title='bbox 817 525 1085 583; x_wconf 87' lang='lat' dir='ltr'><strong>diabolum</strong></span> <span class='ocrx_word' id='word_1_7' title='bbox 1126 518 1367 582; x_wconf 82' lang='lat' dir='ltr'><strong>vinceret</strong></span> <span class='ocrx_word' id='word_1_8' title='bbox 1407 525 1566 583; x_wconf 79' lang='lat' dir='ltr'><strong>Deus.</strong></span> <span class='ocrx_word' id='word_1_9' title='bbox 1613 525 1755 582; x_wconf 81' lang='lat' dir='ltr'><strong>Nihil</strong></span> <span class='ocrx_word' id='word_1_10' title='bbox 1786 542 1914 597; x_wconf 84' lang='lat' dir='ltr'><strong>ergo</strong></span> <span class='ocrx_word' id='word_1_11' title='bbox 1948 537 2036 583; x_wconf 83' lang='lat' dir='ltr'><strong>tua</strong></span> <span class='ocrx_word' id='word_1_12' title='bbox 2067 541 2192 600; x_wconf 90' lang='lat' dir='ltr'><strong>pro-</strong></span> <span class='ocrx_word' id='word_1_13' title='bbox 2219 525 2276 586; x_wconf 76' lang='grc' dir='ltr'><strong>Α</strong></span> <span class='ocrx_word' id='word_1_14' title='bbox 2355 522 2502 600; x_wconf 88' lang='lat' dir='ltr'><strong>_lbid.</strong></span> <span class='ocrx_word' id='word_1_15' title='bbox 2527 521 2650 600; x_wconf 71' lang='lat' dir='ltr'><strong>Ipse</strong></span> <span class='ocrx_word' id='word_1_16' title='bbox 2681 521 2751 575; x_wconf 86' lang='lat' dir='ltr'><strong>ad</strong></span> <span class='ocrx_word' id='word_1_17' title='bbox 2773 537 2942 576; x_wconf 87' lang='lat' dir='ltr'><strong>senem</strong></span> <span class='ocrx_word' id='word_1_18' title='bbox 2963 519 3052 575; x_wconf 81' lang='lat' dir='ltr'><strong>Ite-</strong></span> 
     </span>
    </p>
   </div>
   <div class='ocr_carea' id='block_1_4' title="bbox 608 619 2193 688">
    <p class='ocr_par' dir='ltr' id='par_1_4' title="bbox 608 619 2193 688">
     <span class='ocr_line' id='line_1_4' title="bbox 608 619 2193 688; baseline -0.003 -7"><span class='ocrx_word' id='word_1_19' title='bbox 608 623 848 688; x_wconf 84' lang='lat' dir='ltr'><strong>fuerunt,</strong></span> <span class='ocrx_word' id='word_1_20' title='bbox 881 619 1129 686; x_wconf 89' lang='lat' dir='ltr'><strong>inimice,</strong></span> <span class='ocrx_word' id='word_1_21' title='bbox 1161 619 1408 675; x_wconf 84' lang='lat' dir='ltr'><strong>consilia.</strong></span> <span class='ocrx_word' id='word_1_22' title='bbox 1437 620 1576 675; x_wconf 86' lang='lat' dir='ltr'><strong>Ecce</strong></span> <span class='ocrx_word' id='word_1_23' title='bbox 1617 635 1802 675; x_wconf 90' lang='lat' dir='ltr'><strong>sumus</strong></span> <span class='ocrx_word' id='word_1_24' title='bbox 1830 621 2018 686; x_wconf 91' lang='lat' dir='ltr'><strong>liberi,</strong></span> <span class='ocrx_word' id='word_1_25' title='bbox 2066 635 2193 676; x_wconf 90' lang='lat' dir='ltr'><strong>ecce</strong></span> 
     </span>
    </p>
   </div>
   <div class='ocr_carea' id='block_1_5' title="bbox 609 711 2194 782">
    <p class='ocr_par' dir='ltr' id='par_1_5' title="bbox 609 711 2194 782">
     <span class='ocr_line' id='line_1_5' title="bbox 609 711 2194 782; baseline -0.002 -11"><span class='ocrx_word' id='word_1_26' title='bbox 609 727 897 771; x_wconf 89' lang='lat' dir='ltr'><strong>manemus</strong></span> <span class='ocrx_word' id='word_1_27' title='bbox 927 713 978 766; x_wconf 93' lang='lat' dir='ltr'><strong>in</strong></span> <span class='ocrx_word' id='word_1_28' title='bbox 1007 711 1222 766; x_wconf 90' lang='lat' dir='ltr'><strong>Christo</strong></span> <span class='ocrx_word' id='word_1_29' title='bbox 1253 713 1449 767; x_wconf 89' lang='lat' dir='ltr'><strong>securi.</strong></span> <span class='ocrx_word' id='word_1_30' title='bbox 1489 711 1778 782; x_wconf 87' lang='lat' dir='ltr'><strong>Captivitas</strong></span> <span class='ocrx_word' id='word_1_31' title='bbox 1806 721 1893 768; x_wconf 86' lang='lat' dir='ltr'><strong>tua</strong></span> <span class='ocrx_word' id='word_1_32' title='bbox 1919 712 2074 769; x_wconf 88' lang='lat' dir='ltr'><strong>nobis</strong></span> <span class='ocrx_word' id='word_1_33' title='bbox 2115 723 2194 768; x_wconf 84' lang='lat' dir='ltr'><strong>at-</strong></span> 
     </span>
    </p>
   </div>
   <div class='ocr_carea' id='block_1_6' title="bbox 607 805 2196 877">
    <p class='ocr_par' dir='ltr' id='par_1_6' title="bbox 607 805 2196 877">
     <span class='ocr_line' id='line_1_6' title="bbox 607 805 2196 877; baseline -0.003 -14"><span class='ocrx_word' id='word_1_34' title='bbox 607 808 732 863; x_wconf 93' lang='lat' dir='ltr'><strong>tulit</strong></span> <span class='ocrx_word' id='word_1_35' title='bbox 769 805 1127 864; x_wconf 74' lang='lat' dir='ltr'><strong>dominatum.</strong></span> <span class='ocrx_word' id='word_1_36' title='bbox 1165 805 1298 859; x_wconf 88' lang='lat' dir='ltr'><strong>Dum</strong></span> <span class='ocrx_word' id='word_1_37' title='bbox 1329 807 1525 872; x_wconf 66' lang='lat' dir='ltr'><strong>quaeris</strong></span> <span class='ocrx_word' id='word_1_38' title='bbox 1554 821 1652 861; x_wconf 89' lang='lat' dir='ltr'><strong>nos</strong></span> <span class='ocrx_word' id='word_1_39' title='bbox 1679 807 1923 874; x_wconf 86' lang='lat' dir='ltr'><strong>perdere,</strong></span> <span class='ocrx_word' id='word_1_40' title='bbox 1948 805 2196 877; x_wconf 84' lang='lat' dir='ltr'><strong>dignatus</strong></span> 
     </span>
    </p>
   </div>
   <div class='ocr_carea' id='block_1_7' title="bbox 607 897 2197 967">
    <p class='ocr_par' dir='ltr' id='par_1_7' title="bbox 607 897 2197 967">
     <span class='ocr_line' id='line_1_7' title="bbox 607 897 2197 967; baseline -0.001 -13"><span class='ocrx_word' id='word_1_41' title='bbox 607 909 694 955; x_wconf 82' lang='lat' dir='ltr'><strong>est</strong></span> <span class='ocrx_word' id='word_1_42' title='bbox 720 899 814 954; x_wconf 86' lang='lat' dir='ltr'><strong>Dei</strong></span> <span class='ocrx_word' id='word_1_43' title='bbox 844 897 1014 953; x_wconf 84' lang='lat' dir='ltr'><strong>Filius</strong></span> <span class='ocrx_word' id='word_1_44' title='bbox 1044 912 1138 952; x_wconf 87' lang='lat' dir='ltr'><strong>sua</strong></span> <span class='ocrx_word' id='word_1_45' title='bbox 1173 912 1271 952; x_wconf 89' lang='lat' dir='ltr'><strong>nos</strong></span> <span class='ocrx_word' id='word_1_46' title='bbox 1319 897 1596 953; x_wconf 73' lang='lat' dir='ltr'><strong>divinitate</strong></span> <span class='ocrx_word' id='word_1_47' title='bbox 1645 899 1887 965; x_wconf 86' lang='lat' dir='ltr'><strong>salvare;</strong></span> <span class='ocrx_word' id='word_1_48' title='bbox 1943 913 2077 967; x_wconf 86' lang='lat' dir='ltr'><strong>quos</strong></span> <span class='ocrx_word' id='word_1_49' title='bbox 2119 897 2197 953; x_wconf 88' lang='lat' dir='ltr'><strong>sic</strong></span> 
     </span>
    </p>
   </div>
   <div class='ocr_carea' id='block_1_8' title="bbox 608 989 2199 1056">
    <p class='ocr_par' dir='ltr' id='par_1_8' title="bbox 608 989 2199 1056">
     <span class='ocr_line' id='line_1_8' title="bbox 608 989 2199 1056; baseline -0.001 -10"><span class='ocrx_word' id='word_1_50' title='bbox 608 990 871 1056; x_wconf 90' lang='lat' dir='ltr'><strong>defendit,</strong></span> <span class='ocrx_word' id='word_1_51' title='bbox 922 999 978 1044; x_wconf 93' lang='lat' dir='ltr'><strong>ut</strong></span> <span class='ocrx_word' id='word_1_52' title='bbox 1002 989 1250 1045; x_wconf 83' lang='lat' dir='ltr'><strong>redderet</strong></span> <span class='ocrx_word' id='word_1_53' title='bbox 1277 990 1492 1056; x_wconf 89' lang='lat' dir='ltr'><strong>fratres,</strong></span> <span class='ocrx_word' id='word_1_54' title='bbox 1538 993 1618 1046; x_wconf 92' lang='lat' dir='ltr'><strong>sic</strong></span> <span class='ocrx_word' id='word_1_55' title='bbox 1660 993 1881 1056; x_wconf 83' lang='lat' dir='ltr'><strong>amavit,</strong></span> <span class='ocrx_word' id='word_1_56' title='bbox 1912 1000 1968 1044; x_wconf 89' lang='lat' dir='ltr'><strong>ut</strong></span> <span class='ocrx_word' id='word_1_57' title='bbox 2001 992 2199 1046; x_wconf 83' lang='lat' dir='ltr'><strong>faceret</strong></span> 
     </span>
    </p>
   </div>
   <div class='ocr_carea' id='block_1_9' title="bbox 608 1082 2199 1152">
    <p class='ocr_par' dir='ltr' id='par_1_9' title="bbox 608 1082 2199 1152">
     <span class='ocr_line' id='line_1_9' title="bbox 608 1082 2199 1152; baseline -0.001 -13"><span class='ocrx_word' id='word_1_58' title='bbox 608 1084 918 1139; x_wconf 75' lang='lat' dir='ltr'><strong>colueredes</strong></span> <span class='ocrx_word' id='word_1_59' title='bbox 968 1082 1213 1138; x_wconf 73' lang='lat' dir='ltr'><strong>Christus</strong></span> <span class='ocrx_word' id='word_1_60' title='bbox 1265 1083 1524 1138; x_wconf 90' lang='lat' dir='ltr'><strong>Dominus</strong></span> <span class='ocrx_word' id='word_1_61' title='bbox 1579 1092 1762 1139; x_wconf 89' lang='lat' dir='ltr'><strong>noster</strong></span> <span class='ocrx_word' id='word_1_62' title='bbox 1821 1084 1911 1152; x_wconf 88' lang='lat' dir='ltr'><strong>qui</strong></span> <span class='ocrx_word' id='word_1_63' title='bbox 1964 1083 2098 1137; x_wconf 86' lang='lat' dir='ltr'><strong>vivit</strong></span> <span class='ocrx_word' id='word_1_64' title='bbox 2144 1093 2199 1138; x_wconf 89' lang='lat' dir='ltr'><strong>et</strong></span> 
     </span>
    </p>
   </div>
   <div class='ocr_carea' id='block_1_10' title="bbox 607 1169 2198 1248">
    <p class='ocr_par' dir='ltr' id='par_1_10' title="bbox 607 1169 2198 1248">
     <span class='ocr_line' id='line_1_10' title="bbox 607 1169 2198 1248; baseline 0.001 -16"><span class='ocrx_word' id='word_1_65' title='bbox 607 1185 797 1246; x_wconf 85' lang='lat' dir='ltr'><strong>regnat</strong></span> <span class='ocrx_word' id='word_1_66' title='bbox 847 1192 970 1234; x_wconf 90' lang='lat' dir='ltr'><strong>cum</strong></span> <span class='ocrx_word' id='word_1_67' title='bbox 1000 1177 1112 1232; x_wconf 91' lang='lat' dir='ltr'><strong>Deo</strong></span> <span class='ocrx_word' id='word_1_68' title='bbox 1144 1177 1322 1244; x_wconf 86' lang='lat' dir='ltr'><strong>Patre,</strong></span> <span class='ocrx_word' id='word_1_69' title='bbox 1372 1187 1428 1232; x_wconf 89' lang='lat' dir='ltr'><strong>et</strong></span> <span class='ocrx_word' id='word_1_70' title='bbox 1468 1176 1669 1248; x_wconf 90' lang='lat' dir='ltr'><strong>Spiritu</strong></span> <span class='ocrx_word' id='word_1_71' title='bbox 1715 1169 1898 1233; x_wconf 76' lang='lat' dir='ltr'><strong>saneto</strong></span> <span class='ocrx_word' id='word_1_72' title='bbox 1921 1178 1974 1232; x_wconf 94' lang='lat' dir='ltr'><strong>in</strong></span> <span class='ocrx_word' id='word_1_73' title='bbox 2000 1177 2198 1233; x_wconf 66' lang='lat' dir='ltr'><strong>saecula</strong></span> 
     </span>
    </p>
   </div>
   <div class='ocr_carea' id='block_1_11' title="bbox 607 1269 1172 1324">
    <p class='ocr_par' dir='ltr' id='par_1_11' title="bbox 607 1269 1172 1324">
     <span class='ocr_line' id='line_1_11' title="bbox 607 1269 1172 1324; baseline -0.002 -2"><span class='ocrx_word' id='word_1_74' title='bbox 607 1269 950 1323; x_wconf 61' lang='lat' dir='ltr'><strong>articulorum.</strong></span> <span class='ocrx_word' id='word_1_75' title='bbox 981 1270 1172 1324; x_wconf 85' lang='lat' dir='ltr'><strong>Amen.</strong></span> 
     </span>
    </p>
   </div>
   <div class='ocr_carea' id='block_1_12' title="bbox 1212 1397 1596 1438">
    <p class='ocr_par' dir='ltr' id='par_1_12' title="bbox 1212 1397 1596 1438">
     <span class='ocr_line' id='line_1_12' title="bbox 1212 1397 1596 1438; baseline -0.003 -1"><span class='ocrx_word' id='word_1_76' title='bbox 1212 1397 1386 1438; x_wconf 74' lang='grc' dir='ltr'><strong>εειιιιο</strong></span> <span class='ocrx_word' id='word_1_77' title='bbox 1414 1397 1596 1438; x_wconf 73' lang='lat' dir='ltr'><strong>CXXIII.</strong></span> 
     </span>
    </p>
   </div>
   <div class='ocr_carea' id='block_1_13' title="bbox 900 1473 1914 1546">
    <p class='ocr_par' dir='ltr' id='par_1_13' title="bbox 900 1473 1914 1546">
     <span class='ocr_line' id='line_1_13' title="bbox 900 1473 1914 1546; baseline -0.002 -16"><span class='ocrx_word' id='word_1_78' title='bbox 900 1475 1118 1546; x_wconf 77' lang='lat' dir='ltr'><strong>Legitur</strong></span> <span class='ocrx_word' id='word_1_79' title='bbox 1157 1476 1211 1529; x_wconf 95' lang='lat' dir='ltr'><strong>in</strong></span> <span class='ocrx_word' id='word_1_80' title='bbox 1238 1475 1361 1530; x_wconf 93' lang='lat' dir='ltr'><strong>cod.</strong></span> <span class='ocrx_word' id='word_1_81' title='bbox 1391 1473 1600 1529; x_wconf 79' lang='lat' dir='ltr'><strong>Cassin.</strong></span> <span class='ocrx_word' id='word_1_82' title='bbox 1632 1489 1740 1541; x_wconf 70' lang='grc' dir='ltr'><strong>ενι,</strong></span> <span class='ocrx_word' id='word_1_83' title='bbox 1771 1491 1828 1529; x_wconf 94' lang='lat' dir='ltr'><strong>n.</strong></span> <span class='ocrx_word' id='word_1_84' title='bbox 1861 1475 1914 1529; x_wconf 88' lang='lat'><strong>6.</strong></span> 
     </span>
    </p>
   </div>
   <div class='ocr_carea' id='block_1_14' title="bbox 683 1564 2202 1624">
    <p class='ocr_par' dir='ltr' id='par_1_14' title="bbox 683 1564 2202 1624">
     <span class='ocr_line' id='line_1_14' title="bbox 683 1564 2202 1624; baseline -0.001 -2"><span class='ocrx_word' id='word_1_85' title='bbox 683 1569 822 1624; x_wconf 81' lang='lat' dir='ltr'><strong>Edit.</strong></span> <span class='ocrx_word' id='word_1_86' title='bbox 865 1568 928 1624; x_wconf 87' lang='lat' dir='ltr'><strong>N.</strong></span> <span class='ocrx_word' id='word_1_87' title='bbox 964 1573 1016 1624; x_wconf 77' lang='lat' dir='ltr'><strong>I.</strong></span> <span class='ocrx_word' id='word_1_88' title='bbox 1063 1567 1228 1623; x_wconf 85' lang='lat' dir='ltr'><strong>Nulla</strong></span> <span class='ocrx_word' id='word_1_89' title='bbox 1276 1567 1367 1622; x_wconf 87' lang='lat' dir='ltr'><strong>tri-</strong></span> <span class='ocrx_word' id='word_1_90' title='bbox 1512 1564 1647 1622; x_wconf 88' lang='lat' dir='ltr'><strong>Cod.</strong></span> <span class='ocrx_word' id='word_1_91' title='bbox 1674 1567 1840 1622; x_wconf 88' lang='lat' dir='ltr'><strong>Nulla</strong></span> <span class='ocrx_word' id='word_1_92' title='bbox 1856 1571 2202 1622; x_wconf 78' lang='lat' dir='ltr'><strong>cruciamenta</strong></span> 
     </span>
    </p>
   </div>
   <div class='ocr_carea' id='block_1_15' title="bbox 609 1638 1976 1708">
    <p class='ocr_par' dir='ltr' id='par_1_15' title="bbox 609 1638 1976 1708">
     <span class='ocr_line' id='line_1_15' title="bbox 609 1638 1976 1708; baseline -0.001 -16"><span class='ocrx_word' id='word_1_93' title='bbox 609 1641 748 1693; x_wconf 91' lang='lat' dir='ltr'><strong>stitia</strong></span> <span class='ocrx_word' id='word_1_94' title='bbox 775 1641 1096 1708; x_wconf 77' lang='lat' dir='ltr'><strong>parturienti.</strong></span> <span class='ocrx_word' id='word_1_95' title='bbox 1440 1638 1622 1706; x_wconf 77' lang='lat' dir='ltr'><strong>ingerit</strong></span> <span class='ocrx_word' id='word_1_96' title='bbox 1652 1640 1976 1704; x_wconf 76' lang='lat' dir='ltr'><strong>parturienti.</strong></span> 
     </span>
    </p>
   </div>
   <div class='ocr_carea' id='block_1_16' title="bbox 681 1708 2204 1780">
    <p class='ocr_par' dir='ltr' id='par_1_16' title="bbox 681 1708 2204 1780">
     <span class='ocr_line' id='line_1_16' title="bbox 681 1708 2204 1780; baseline 0.001 -17"><span class='ocrx_word' id='word_1_97' title='bbox 681 1711 812 1765; x_wconf 88' lang='lat' dir='ltr'><strong>Ibid.</strong></span> <span class='ocrx_word' id='word_1_98' title='bbox 840 1709 1051 1764; x_wconf 87' lang='lat' dir='ltr'><strong>Pondus</strong></span> <span class='ocrx_word' id='word_1_99' title='bbox 1063 1710 1247 1764; x_wconf 89' lang='lat' dir='ltr'><strong>habere</strong></span> <span class='ocrx_word' id='word_1_100' title='bbox 1267 1725 1368 1764; x_wconf 90' lang='lat' dir='ltr'><strong>non</strong></span> <span class='ocrx_word' id='word_1_101' title='bbox 1515 1708 1591 1764; x_wconf 92' lang='lat' dir='ltr'><strong>Id.</strong></span> <span class='ocrx_word' id='word_1_102' title='bbox 1637 1710 1806 1765; x_wconf 63' lang='lat' dir='ltr'><strong>Inter.</strong></span> <span class='ocrx_word' id='word_1_103' title='bbox 1822 1711 1980 1765; x_wconf 85' lang='lat' dir='ltr'><strong>verba</strong></span> <span class='ocrx_word' id='word_1_104' title='bbox 2005 1719 2204 1780; x_wconf 90' lang='lat' dir='ltr'><strong>poterat</strong></span> 
     </span>
    </p>
   </div>
   <div class='ocr_carea' id='block_1_17' title="bbox 609 1780 2202 1852">
    <p class='ocr_par' dir='ltr' id='par_1_17' title="bbox 609 1780 2202 1852">
     <span class='ocr_line' id='line_1_17' title="bbox 609 1780 2202 1852; baseline -0.001 -16"><span class='ocrx_word' id='word_1_105' title='bbox 609 1791 822 1852; x_wconf 76' lang='lat' dir='ltr'><strong>poterat.</strong></span> <span class='ocrx_word' id='word_1_106' title='bbox 867 1780 1033 1835; x_wconf 85' lang='lat' dir='ltr'><strong>Facta</strong></span> <span class='ocrx_word' id='word_1_107' title='bbox 1062 1791 1155 1847; x_wconf 86' lang='lat' dir='ltr'><strong>est,</strong></span> <span class='ocrx_word' id='word_1_108' title='bbox 1187 1789 1294 1837; x_wconf 89' lang='lat' dir='ltr'><strong>etc.</strong></span> <span class='ocrx_word' id='word_1_109' title='bbox 1441 1787 1496 1835; x_wconf 89' lang='lat' dir='ltr'><strong>et</strong></span> <span class='ocrx_word' id='word_1_110' title='bbox 1525 1784 1664 1851; x_wconf 89' lang='lat' dir='ltr'><strong>facta</strong></span> <span class='ocrx_word' id='word_1_111' title='bbox 1695 1791 1792 1846; x_wconf 90' lang='lat' dir='ltr'><strong>est,</strong></span> <span class='ocrx_word' id='word_1_112' title='bbox 1817 1783 2010 1851; x_wconf 82' lang='lat' dir='ltr'><strong>repetit</strong></span> <span class='ocrx_word' id='word_1_113' title='bbox 2036 1782 2202 1848; x_wconf 84' lang='lat' dir='ltr'><strong>prima</strong></span> 
     </span>
    </p>
   </div>
   <div class='ocr_carea' id='block_1_18' title="bbox 1443 1853 2199 1921">
    <p class='ocr_par' dir='ltr' id='par_1_18' title="bbox 1443 1853 2199 1921">
     <span class='ocr_line' id='line_1_18' title="bbox 1443 1853 2199 1921; baseline -0.001 -15"><span class='ocrx_word' id='word_1_114' title='bbox 1443 1853 1705 1910; x_wconf 87' lang='lat' dir='ltr'><strong>sermonis</strong></span> <span class='ocrx_word' id='word_1_115' title='bbox 1800 1853 2153 1921; x_wconf 65' lang='lat' dir='ltr'><strong>prwcedeutis</strong></span> <span class='ocrx_word' id='word_1_116' title='bbox 2184 1891 2199 1917; x_wconf 93' lang='lat'><strong>,</strong></span> 
     </span>
    </p>
   </div>
   <div class='ocr_carea' id='block_1_19' title="bbox 2297 592 2661 663">
    <p class='ocr_par' dir='ltr' id='par_1_19' title="bbox 2297 592 2661 663">
     <span class='ocr_line' id='line_1_19' title="bbox 2297 592 2661 663; baseline 0.005 -17"><span class='ocrx_word' id='word_1_117' title='bbox 2297 592 2483 663; x_wconf 72' lang='lat' dir='ltr'><strong>minem</strong></span> <span class='ocrx_word' id='word_1_118' title='bbox 2508 595 2661 648; x_wconf 88' lang='lat' dir='ltr'><strong>venit.</strong></span> 
     </span>
    </p>
   </div>
   <div class='ocr_carea' id='block_1_20' title="bbox 2370 664 3056 722">
    <p class='ocr_par' dir='ltr' id='par_1_20' title="bbox 2370 664 3056 722">
     <span class='ocr_line' id='line_1_20' title="bbox 2370 664 3056 722; baseline 0.004 -3"><span class='ocrx_word' id='word_1_119' title='bbox 2370 665 2503 720; x_wconf 91' lang='lat' dir='ltr'><strong>Ibid.</strong></span> <span class='ocrx_word' id='word_1_120' title='bbox 2555 664 2769 721; x_wconf 85' lang='lat' dir='ltr'><strong>Servum</strong></span> <span class='ocrx_word' id='word_1_121' title='bbox 2808 675 2955 721; x_wconf 85' lang='lat' dir='ltr'><strong>tuum</strong></span> <span class='ocrx_word' id='word_1_122' title='bbox 3002 667 3056 722; x_wconf 91' lang='lat' dir='ltr'><strong>in</strong></span> 
     </span>
    </p>
   </div>
   <div class='ocr_carea' id='block_1_21' title="bbox 2298 752 2438 806">
    <p class='ocr_par' dir='ltr' id='par_1_21' title="bbox 2298 752 2438 806">
     <span class='ocr_line' id='line_1_21' title="bbox 2298 752 2438 806; baseline 0 -17"><span class='ocrx_word' id='word_1_123' title='bbox 2298 752 2438 806; x_wconf 86' lang='lat' dir='ltr'><strong>pace.</strong></span> 
     </span>
    </p>
   </div>
   <div class='ocr_carea' id='block_1_22' title="bbox 2372 807 3058 867">
    <p class='ocr_par' dir='ltr' id='par_1_22' title="bbox 2372 807 3058 867">
     <span class='ocr_line' id='line_1_22' title="bbox 2372 807 3058 867; baseline 0.01 -7"><span class='ocrx_word' id='word_1_124' title='bbox 2372 807 2504 863; x_wconf 90' lang='lat' dir='ltr'><strong>Ibid.</strong></span> <span class='ocrx_word' id='word_1_125' title='bbox 2535 817 2590 863; x_wconf 91' lang='lat' dir='ltr'><strong>et</strong></span> <span class='ocrx_word' id='word_1_126' title='bbox 2615 825 2670 863; x_wconf 91' lang='lat' dir='ltr'><strong>n.</strong></span> <span class='ocrx_word' id='word_1_127' title='bbox 2716 807 2767 864; x_wconf 71' lang='grc'><strong>4.</strong></span> <span class='ocrx_word' id='word_1_128' title='bbox 2812 809 3058 867; x_wconf 85' lang='lat' dir='ltr'><strong>Salutare</strong></span> 
     </span>
    </p>
   </div>
   <div class='ocr_carea' id='block_1_23' title="bbox 2299 877 2945 951">
    <p class='ocr_par' dir='ltr' id='par_1_23' title="bbox 2299 877 2945 951">
     <span class='ocr_line' id='line_1_23' title="bbox 2299 877 2945 951; baseline 0.009 -21"><span class='ocrx_word' id='word_1_129' title='bbox 2299 887 2463 936; x_wconf 90' lang='lat' dir='ltr'><strong>tuum.</strong></span> <span class='ocrx_word' id='word_1_130' title='bbox 2495 877 2786 951; x_wconf 63' lang='lat' dir='ltr'><strong>Prophetas,</strong></span> <span class='ocrx_word' id='word_1_131' title='bbox 2843 894 2945 938; x_wconf 89' lang='lat' dir='ltr'><strong>etc.</strong></span> 
     </span>
    </p>
   </div>
   <div class='ocr_carea' id='block_1_24' title="bbox 2372 1091 3055 1151">
    <p class='ocr_par' dir='ltr' id='par_1_24' title="bbox 2372 1091 3055 1151">
     <span class='ocr_line' id='line_1_24' title="bbox 2372 1091 3055 1151; baseline 0.001 -3"><span class='ocrx_word' id='word_1_132' title='bbox 2372 1093 2436 1148; x_wconf 88' lang='grc' dir='ltr'><strong>Ν.</strong></span> <span class='ocrx_word' id='word_1_133' title='bbox 2481 1091 2536 1149; x_wconf 71' lang='grc' dir='ltr'><strong>ι.</strong></span> <span class='ocrx_word' id='word_1_134' title='bbox 2587 1093 2714 1149; x_wconf 77' lang='grc' dir='ltr'><strong>Ηιῑτ</strong></span> <span class='ocrx_word' id='word_1_135' title='bbox 2745 1107 2863 1151; x_wconf 85' lang='lat' dir='ltr'><strong>sunt</strong></span> <span class='ocrx_word' id='word_1_136' title='bbox 2913 1097 3055 1151; x_wconf 89' lang='lat' dir='ltr'><strong>testi-</strong></span> 
     </span>
    </p>
   </div>
   <div class='ocr_carea' id='block_1_25' title="bbox 2302 1165 3061 1238">
    <p class='ocr_par' dir='ltr' id='par_1_25' title="bbox 2302 1165 3061 1238">
     <span class='ocr_line' id='line_1_25' title="bbox 2302 1165 3061 1238; baseline 0.008 -21"><span class='ocrx_word' id='word_1_137' title='bbox 2302 1165 2474 1238; x_wconf 75' lang='lat' dir='ltr'><strong>monia</strong></span> <span class='ocrx_word' id='word_1_138' title='bbox 2497 1167 2782 1238; x_wconf 75' lang='lat' dir='ltr'><strong>nativitatis</strong></span> <span class='ocrx_word' id='word_1_139' title='bbox 2811 1178 2936 1234; x_wconf 77' lang='lat' dir='ltr'><strong>tute,</strong></span> <span class='ocrx_word' id='word_1_140' title='bbox 2960 1167 3061 1238; x_wconf 84' lang='lat' dir='ltr'><strong>Do-</strong></span> 
     </span>
    </p>
   </div>
   <div class='ocr_carea' id='block_1_26' title="bbox 2301 1236 2623 1291">
    <p class='ocr_par' dir='ltr' id='par_1_26' title="bbox 2301 1236 2623 1291">
     <span class='ocr_line' id='line_1_26' title="bbox 2301 1236 2623 1291; baseline 0.006 -3"><span class='ocrx_word' id='word_1_141' title='bbox 2301 1236 2438 1290; x_wconf 87' lang='lat' dir='ltr'><strong>mine</strong></span> <span class='ocrx_word' id='word_1_142' title='bbox 2478 1236 2509 1289; x_wconf 84' lang='lat' dir='ltr'><strong>J</strong></span> <span class='ocrx_word' id='word_1_143' title='bbox 2517 1253 2623 1291; x_wconf 88' lang='lat' dir='ltr'><strong>esu.</strong></span> 
     </span>
    </p>
   </div>
   <div class='ocr_carea' id='block_1_27' title="bbox 2376 1307 3058 1365">
    <p class='ocr_par' dir='ltr' id='par_1_27' title="bbox 2376 1307 3058 1365">
     <span class='ocr_line' id='line_1_27' title="bbox 2376 1307 3058 1365; baseline 0.004 -6"><span class='ocrx_word' id='word_1_144' title='bbox 2376 1307 2507 1361; x_wconf 94' lang='lat' dir='ltr'><strong>Ibid.</strong></span> <span class='ocrx_word' id='word_1_145' title='bbox 2599 1309 3058 1365; x_wconf 85' lang='lat' dir='ltr'><strong>Substernerentur</strong></span> 
     </span>
    </p>
   </div>
   <div class='ocr_carea' id='block_1_28' title="bbox 2303 1379 3055 1446">
    <p class='ocr_par' dir='ltr' id='par_1_28' title="bbox 2303 1379 3055 1446">
     <span class='ocr_line' id='line_1_28' title="bbox 2303 1379 3055 1446; baseline 0.008 -18"><span class='ocrx_word' id='word_1_146' title='bbox 2303 1379 2492 1445; x_wconf 77' lang='lat' dir='ltr'><strong>ﬂuctus</strong></span> <span class='ocrx_word' id='word_1_147' title='bbox 2566 1382 2722 1434; x_wconf 90' lang='lat' dir='ltr'><strong>maris</strong></span> <span class='ocrx_word' id='word_1_148' title='bbox 2791 1381 3012 1436; x_wconf 89' lang='lat' dir='ltr'><strong>calcanti</strong></span> <span class='ocrx_word' id='word_1_149' title='bbox 3041 1421 3055 1446; x_wconf 96' lang='lat'><strong>,</strong></span> 
     </span>
    </p>
   </div>
   <div class='ocr_carea' id='block_1_29' title="bbox 2303 1449 2852 1512">
    <p class='ocr_par' dir='ltr' id='par_1_29' title="bbox 2303 1449 2852 1512">
     <span class='ocr_line' id='line_1_29' title="bbox 2303 1449 2852 1512; baseline 0.007 -10"><span class='ocrx_word' id='word_1_150' title='bbox 2303 1451 2534 1502; x_wconf 80' lang='lat' dir='ltr'><strong>cederent</strong></span> <span class='ocrx_word' id='word_1_151' title='bbox 2563 1449 2852 1512; x_wconf 74' lang='lat' dir='ltr'><strong>imperanti.</strong></span> 
     </span>
    </p>
   </div>
   <div class='ocr_carea' id='block_1_30' title="bbox 2378 1519 3060 1578">
    <p class='ocr_par' dir='ltr' id='par_1_30' title="bbox 2378 1519 3060 1578">
     <span class='ocr_line' id='line_1_30' title="bbox 2378 1519 3060 1578; baseline 0.01 -6"><span class='ocrx_word' id='word_1_152' title='bbox 2378 1519 2511 1574; x_wconf 86' lang='lat' dir='ltr'><strong>Ibid.</strong></span> <span class='ocrx_word' id='word_1_153' title='bbox 2591 1521 2826 1576; x_wconf 76' lang='lat' dir='ltr'><strong>Mortuus</strong></span> <span class='ocrx_word' id='word_1_154' title='bbox 2878 1533 2927 1577; x_wconf 88' lang='lat' dir='ltr'><strong>te</strong></span> <span class='ocrx_word' id='word_1_155' title='bbox 2975 1540 3060 1578; x_wconf 85' lang='lat' dir='ltr'><strong>vo-</strong></span> 
     </span>
    </p>
   </div>
   <div class='ocr_carea' id='block_1_31' title="bbox 2305 1594 2846 1649">
    <p class='ocr_par' dir='ltr' id='par_1_31' title="bbox 2305 1594 2846 1649">
     <span class='ocr_line' id='line_1_31' title="bbox 2305 1594 2846 1649; baseline 0.011 -7"><span class='ocrx_word' id='word_1_156' title='bbox 2305 1600 2450 1643; x_wconf 89' lang='lat' dir='ltr'><strong>cante</strong></span> <span class='ocrx_word' id='word_1_157' title='bbox 2473 1594 2846 1649; x_wconf 73' lang='lat' dir='ltr'><strong>resurrexisset.</strong></span> 
     </span>
    </p>
   </div>
   <div class='ocr_carea' id='block_1_32' title="bbox 2379 1660 3065 1722">
    <p class='ocr_par' dir='ltr' id='par_1_32' title="bbox 2379 1660 3065 1722">
     <span class='ocr_line' id='line_1_32' title="bbox 2379 1660 3065 1722; baseline 0.01 -7"><span class='ocrx_word' id='word_1_158' title='bbox 2379 1660 2512 1716; x_wconf 89' lang='lat' dir='ltr'><strong>Ibid.</strong></span> <span class='ocrx_word' id='word_1_159' title='bbox 2587 1661 2750 1717; x_wconf 85' lang='lat' dir='ltr'><strong>Terra</strong></span> <span class='ocrx_word' id='word_1_160' title='bbox 2800 1675 2846 1718; x_wconf 88' lang='lat' dir='ltr'><strong>te</strong></span> <span class='ocrx_word' id='word_1_161' title='bbox 2895 1682 3065 1722; x_wconf 89' lang='lat' dir='ltr'><strong>resur-</strong></span> 
     </span>
    </p>
   </div>
   <div class='ocr_carea' id='block_1_33' title="bbox 2307 1735 2787 1802">
    <p class='ocr_par' dir='ltr' id='par_1_33' title="bbox 2307 1735 2787 1802">
     <span class='ocr_line' id='line_1_33' title="bbox 2307 1735 2787 1802; baseline 0.006 -16"><span class='ocrx_word' id='word_1_162' title='bbox 2307 1742 2453 1802; x_wconf 86' lang='lat' dir='ltr'><strong>gente</strong></span> <span class='ocrx_word' id='word_1_163' title='bbox 2484 1735 2787 1789; x_wconf 84' lang='lat' dir='ltr'><strong>tremuisset.</strong></span> 
     </span>
    </p>
   </div>
   <div class='ocr_carea' id='block_1_34' title="bbox 2381 1803 3062 1875">
    <p class='ocr_par' dir='ltr' id='par_1_34' title="bbox 2381 1803 3062 1875">
     <span class='ocr_line' id='line_1_34' title="bbox 2381 1803 3062 1875; baseline 0.01 -19"><span class='ocrx_word' id='word_1_164' title='bbox 2381 1803 2442 1857; x_wconf 87' lang='grc' dir='ltr'><strong>Ν.</strong></span> <span class='ocrx_word' id='word_1_165' title='bbox 2519 1805 2572 1859; x_wconf 82' lang='grc'><strong>5.</strong></span> <span class='ocrx_word' id='word_1_166' title='bbox 2655 1804 2851 1875; x_wconf 78' lang='lat' dir='ltr'><strong>Ubique</strong></span> <span class='ocrx_word' id='word_1_167' title='bbox 2928 1809 3062 1862; x_wconf 87' lang='lat' dir='ltr'><strong>enim</strong></span> 
     </span>
    </p>
   </div>
   <div class='ocr_carea' id='block_1_35' title="bbox 2309 1872 2560 1930">
    <p class='ocr_par' dir='ltr' id='par_1_35' title="bbox 2309 1872 2560 1930">
     <span class='ocr_line' id='line_1_35' title="bbox 2309 1872 2560 1930; baseline 0.008 -2"><span class='ocrx_word' id='word_1_168' title='bbox 2309 1872 2560 1930; x_wconf 78' lang='lat' dir='ltr'><strong>Christus.</strong></span> 
     </span>
    </p>
   </div>
   <div class='ocr_carea' id='block_1_36' title="bbox 609 1915 3065 2005">
    <p class='ocr_par' dir='ltr' id='par_1_36' title="bbox 609 1915 3065 2005">
     <span class='ocr_line' id='line_1_36' title="bbox 609 1915 3065 2005; baseline 0.004 -29"><span class='ocrx_word' id='word_1_169' title='bbox 609 1937 803 2005; x_wconf 67' lang='lat' dir='ltr'><strong>nempe</strong></span> <span class='ocrx_word' id='word_1_170' title='bbox 842 1939 996 2005; x_wconf 48' lang='lat' dir='ltr'><strong>eux],</strong></span> <span class='ocrx_word' id='word_1_171' title='bbox 1043 1923 1203 1978; x_wconf 85' lang='lat' dir='ltr'><strong>verba</strong></span> <span class='ocrx_word' id='word_1_172' title='bbox 1251 1915 1938 2005; x_wconf 65' lang='lat' dir='ltr'><strong>pradicamus,_adjunct_is</strong></span> <span class='ocrx_word' id='word_1_173' title='bbox 1978 1938 2095 2005; x_wconf 69' lang='lat' dir='ltr'><strong>qua:</strong></span> <span class='ocrx_word' id='word_1_174' title='bbox 2148 1915 2201 1976; x_wconf 84' lang='lat' dir='ltr'><strong>in</strong></span> <span class='ocrx_word' id='word_1_175' title='bbox 2233 1915 2282 1976; x_wconf 83' lang='grc' dir='ltr'><strong><em>Β</em></strong></span> <span class='ocrx_word' id='word_1_176' title='bbox 2581 1949 2839 2003; x_wconf 59' lang='lat' dir='ltr'><strong>Adam,“</strong></span> <span class='ocrx_word' id='word_1_177' title='bbox 2885 1958 2958 2005; x_wconf 64' lang='grc' dir='ltr'><strong>αι</strong></span> <span class='ocrx_word' id='word_1_178' title='bbox 3012 1951 3065 2005; x_wconf 70' lang='grc' dir='ltr'><strong>ίη</strong></span> 
     </span>
    </p>
   </div>
   <div class='ocr_carea' id='block_1_37' title="bbox 607 1993 2202 2064">
    <p class='ocr_par' dir='ltr' id='par_1_37' title="bbox 607 1993 2202 2064">
     <span class='ocr_line' id='line_1_37' title="bbox 607 1993 2202 2064; baseline 0 -16"><span class='ocrx_word' id='word_1_179' title='bbox 607 1993 768 2048; x_wconf 86' lang='lat' dir='ltr'><strong>editis</strong></span> <span class='ocrx_word' id='word_1_180' title='bbox 801 2011 856 2048; x_wconf 94' lang='lat' dir='ltr'><strong>n.</strong></span> <span class='ocrx_word' id='word_1_181' title='bbox 884 1995 909 2045; x_wconf 80' lang='grc'><strong>1</strong></span> <span class='ocrx_word' id='word_1_182' title='bbox 939 1995 1184 2064; x_wconf 84' lang='lat' dir='ltr'><strong>leguntur</strong></span> <span class='ocrx_word' id='word_1_183' title='bbox 1206 2032 1222 2057; x_wconf 91' lang='lat'><strong>,</strong></span> <span class='ocrx_word' id='word_1_184' title='bbox 1267 2005 1321 2048; x_wconf 89' lang='lat' dir='ltr'><strong>et</strong></span> <span class='ocrx_word' id='word_1_185' title='bbox 1369 1995 1418 2047; x_wconf 90' lang='lat' dir='ltr'><strong>in</strong></span> <span class='ocrx_word' id='word_1_186' title='bbox 1449 1997 1770 2064; x_wconf 66' lang='lat' dir='ltr'><strong>praecedenti</strong></span> <span class='ocrx_word' id='word_1_187' title='bbox 1803 1995 1988 2049; x_wconf 90' lang='lat' dir='ltr'><strong>codice</strong></span> <span class='ocrx_word' id='word_1_188' title='bbox 2003 1995 2202 2048; x_wconf 83' lang='lat' dir='ltr'><strong>deesse</strong></span> 
     </span>
    </p>
   </div>
   <div class='ocr_carea' id='block_1_38' title="bbox 608 2063 2199 2135">
    <p class='ocr_par' dir='ltr' id='par_1_38' title="bbox 608 2063 2199 2135">
     <span class='ocr_line' id='line_1_38' title="bbox 608 2063 2199 2135; baseline -0.001 -17"><span class='ocrx_word' id='word_1_189' title='bbox 608 2063 1008 2135; x_wconf 73' lang='lat' dir='ltr'><strong>annotavimus,</strong></span> <span class='ocrx_word' id='word_1_190' title='bbox 1051 2073 1278 2130; x_wconf 82' lang='lat' dir='ltr'><strong>excepto</strong></span> <span class='ocrx_word' id='word_1_191' title='bbox 1320 2063 1463 2134; x_wconf 88' lang='lat' dir='ltr'><strong>quod</strong></span> <span class='ocrx_word' id='word_1_192' title='bbox 1494 2083 1588 2133; x_wconf 93' lang='lat' dir='ltr'><strong>pro</strong></span> <span class='ocrx_word' id='word_1_193' title='bbox 1617 2063 2199 2135; x_wconf 73' lang='lat' dir='ltr'><strong>Joannispurgationi,</strong></span> 
     </span>
    </p>
   </div>
   <div class='ocr_carea' id='block_1_39' title="bbox 606 2132 2205 2208">
    <p class='ocr_par' dir='ltr' id='par_1_39' title="bbox 606 2132 2205 2208">
     <span class='ocr_line' id='line_1_39' title="bbox 606 2132 2205 2208; baseline 0.001 -21"><span class='ocrx_word' id='word_1_194' title='bbox 606 2132 836 2190; x_wconf 86' lang='lat' dir='ltr'><strong>habetur</strong></span> <span class='ocrx_word' id='word_1_195' title='bbox 858 2133 1052 2190; x_wconf 84' lang='lat' dir='ltr'><strong>Joanni</strong></span> <span class='ocrx_word' id='word_1_196' title='bbox 1079 2132 1377 2204; x_wconf 76' lang='lat' dir='ltr'><strong>baptizanti,</strong></span> <span class='ocrx_word' id='word_1_197' title='bbox 1409 2132 1728 2208; x_wconf 86' lang='lat' dir='ltr'><strong>additurque</strong></span> <span class='ocrx_word' id='word_1_198' title='bbox 1748 2145 1796 2191; x_wconf 86' lang='lat' dir='ltr'><strong>et</strong></span> <span class='ocrx_word' id='word_1_199' title='bbox 1822 2132 2044 2190; x_wconf 74' lang='lat' dir='ltr'><strong>Iordani</strong></span> <span class='ocrx_word' id='word_1_200' title='bbox 2074 2151 2205 2205; x_wconf 88' lang='lat' dir='ltr'><strong>pur-</strong></span> 
     </span>
    </p>
   </div>
   <div class='ocr_carea' id='block_1_40' title="bbox 607 2216 1871 2274">
    <p class='ocr_par' dir='ltr' id='par_1_40' title="bbox 607 2216 1871 2274">
     <span class='ocr_line' id='line_1_40' title="bbox 607 2216 1871 2274; baseline 0.003 -16"><span class='ocrx_word' id='word_1_201' title='bbox 607 2216 745 2274; x_wconf 86' lang='lat' dir='ltr'><strong>gato.</strong></span> <span class='ocrx_word' id='word_1_202' title='bbox 1866 2225 1871 2231; x_wconf 78' lang='lat'>&#39;</span> 
     </span>
    </p>
   </div>
   <div class='ocr_carea' id='block_1_41' title="bbox 1183 2314 1613 2358">
    <p class='ocr_par' dir='ltr' id='par_1_41' title="bbox 1183 2314 1613 2358">
     <span class='ocr_line' id='line_1_41' title="bbox 1183 2314 1613 2358; baseline 0.007 -3"><span class='ocrx_word' id='word_1_203' title='bbox 1183 2314 1357 2356; x_wconf 71' lang='lat' dir='ltr'><strong>SERIO</strong></span> <span class='ocrx_word' id='word_1_204' title='bbox 1391 2315 1613 2358; x_wconf 71' lang='lat' dir='ltr'><strong>CXXVIII.</strong></span> 
     </span>
    </p>
   </div>
   <div class='ocr_carea' id='block_1_42' title="bbox 681 2372 2200 2486">
    <p class='ocr_par' dir='ltr' id='par_1_42' title="bbox 681 2372 2200 2486">
     <span class='ocr_line' id='line_1_42' title="bbox 681 2372 2200 2486; baseline 0.002 -20"><span class='ocrx_word' id='word_1_205' title='bbox 681 2411 899 2483; x_wconf 77' lang='lat' dir='ltr'><strong>Legitur</strong></span> <span class='ocrx_word' id='word_1_206' title='bbox 923 2415 977 2468; x_wconf 87' lang='lat' dir='ltr'><strong>in</strong></span> <span class='ocrx_word' id='word_1_207' title='bbox 997 2413 1098 2468; x_wconf 88' lang='lat' dir='ltr'><strong>cod</strong></span> <span class='ocrx_word' id='word_1_208' title='bbox 1123 2411 1333 2470; x_wconf 88' lang='lat' dir='ltr'><strong>Cassin.</strong></span> <span class='ocrx_word' id='word_1_209' title='bbox 1359 2429 1544 2480; x_wconf 83' lang='lat' dir='ltr'><strong>xcvm,</strong></span> <span class='ocrx_word' id='word_1_210' title='bbox 1562 2413 1653 2470; x_wconf 92' lang='lat' dir='ltr'><strong>fol.</strong></span> <span class='ocrx_word' id='word_1_211' title='bbox 1682 2413 1750 2470; x_wconf 82' lang='grc'><strong>10</strong></span> <span class='ocrx_word' id='word_1_212' title='bbox 1770 2429 1798 2468; x_wconf 88' lang='lat' dir='ltr'><strong>a</strong></span> <span class='ocrx_word' id='word_1_213' title='bbox 1815 2423 1984 2486; x_wconf 89' lang='lat' dir='ltr'><strong>tergo;</strong></span> <span class='ocrx_word' id='word_1_214' title='bbox 2003 2372 2200 2470; x_wconf 75' lang='lat' dir='ltr'><strong>iircod.</strong></span> 
     </span>
    </p>
   </div>
   <div class='ocr_carea' id='block_1_43' title="bbox 608 2503 2201 2578">
    <p class='ocr_par' dir='ltr' id='par_1_43' title="bbox 608 2503 2201 2578">
     <span class='ocr_line' id='line_1_43' title="bbox 608 2503 2201 2578; baseline 0.004 -20"><span class='ocrx_word' id='word_1_215' title='bbox 608 2504 812 2572; x_wconf 85' lang='lat' dir='ltr'><strong>pariter</strong></span> <span class='ocrx_word' id='word_1_216' title='bbox 827 2503 1036 2560; x_wconf 84' lang='lat' dir='ltr'><strong>Cassia.</strong></span> <span class='ocrx_word' id='word_1_217' title='bbox 1056 2519 1222 2571; x_wconf 81' lang='lat' dir='ltr'><strong>cxvn,</strong></span> <span class='ocrx_word' id='word_1_218' title='bbox 1245 2505 1339 2578; x_wconf 86' lang='lat' dir='ltr'><strong>fol.</strong></span> <span class='ocrx_word' id='word_1_219' title='bbox 1354 2505 1444 2572; x_wconf 68' lang='lat'><strong>48,</strong></span> <span class='ocrx_word' id='word_1_220' title='bbox 1463 2509 1514 2561; x_wconf 91' lang='lat' dir='ltr'><strong>in</strong></span> <span class='ocrx_word' id='word_1_221' title='bbox 1541 2522 1650 2576; x_wconf 91' lang='lat' dir='ltr'><strong>quo</strong></span> <span class='ocrx_word' id='word_1_222' title='bbox 1677 2506 1900 2562; x_wconf 83' lang='lat' dir='ltr'><strong>habetur</strong></span> <span class='ocrx_word' id='word_1_223' title='bbox 1921 2509 2201 2564; x_wconf 74' lang='lat' dir='ltr'><strong>exordium</strong></span> 
     </span>
    </p>
   </div>
   <div class='ocr_carea' id='block_1_44' title="bbox 608 2597 2198 2668">
    <p class='ocr_par' dir='ltr' id='par_1_44' title="bbox 608 2597 2198 2668">
     <span class='ocr_line' id='line_1_44' title="bbox 608 2597 2198 2668; baseline 0.004 -18"><span class='ocrx_word' id='word_1_224' title='bbox 608 2598 750 2668; x_wconf 90' lang='lat' dir='ltr'><strong>quod</strong></span> <span class='ocrx_word' id='word_1_225' title='bbox 781 2597 1112 2654; x_wconf 79' lang='lat' dir='ltr'><strong>Beuedictini</strong></span> <span class='ocrx_word' id='word_1_226' title='bbox 1144 2599 1448 2654; x_wconf 88' lang='lat' dir='ltr'><strong>indicarunt</strong></span> <span class='ocrx_word' id='word_1_227' title='bbox 1478 2600 1529 2653; x_wconf 91' lang='lat' dir='ltr'><strong>in</strong></span> <span class='ocrx_word' id='word_1_228' title='bbox 1561 2599 1966 2665; x_wconf 88' lang='lat' dir='ltr'><strong>admonitione;</strong></span> <span class='ocrx_word' id='word_1_229' title='bbox 1995 2601 2052 2654; x_wconf 92' lang='lat' dir='ltr'><strong>in</strong></span> <span class='ocrx_word' id='word_1_230' title='bbox 2079 2601 2198 2657; x_wconf 88' lang='lat' dir='ltr'><strong>cod.</strong></span> 
     </span>
    </p>
   </div>
   <div class='ocr_carea' id='block_1_45' title="bbox 606 2688 2198 2764">
    <p class='ocr_par' dir='ltr' id='par_1_45' title="bbox 606 2688 2198 2764">
     <span class='ocr_line' id='line_1_45' title="bbox 606 2688 2198 2764; baseline 0.004 -20"><span class='ocrx_word' id='word_1_231' title='bbox 606 2688 759 2744; x_wconf 82' lang='lat' dir='ltr'><strong>Cass.</strong></span> <span class='ocrx_word' id='word_1_232' title='bbox 793 2705 898 2754; x_wconf 73' lang='grc' dir='ltr'><strong>ενι,</strong></span> <span class='ocrx_word' id='word_1_233' title='bbox 953 2691 1048 2745; x_wconf 91' lang='lat' dir='ltr'><strong>fol.</strong></span> <span class='ocrx_word' id='word_1_234' title='bbox 1088 2691 1228 2752; x_wconf 74' lang='lat'><strong>520;</strong></span> <span class='ocrx_word' id='word_1_235' title='bbox 1259 2701 1313 2747; x_wconf 91' lang='lat' dir='ltr'><strong>et</strong></span> <span class='ocrx_word' id='word_1_236' title='bbox 1359 2691 1550 2761; x_wconf 81' lang='lat' dir='ltr'><strong>partim</strong></span> <span class='ocrx_word' id='word_1_237' title='bbox 1601 2693 1655 2746; x_wconf 92' lang='lat' dir='ltr'><strong>in</strong></span> <span class='ocrx_word' id='word_1_238' title='bbox 1697 2693 1832 2748; x_wconf 88' lang='lat' dir='ltr'><strong>Bibl.</strong></span> <span class='ocrx_word' id='word_1_239' title='bbox 1876 2695 2198 2764; x_wconf 83' lang='lat' dir='ltr'><strong>Mugellan.,</strong></span> 
     </span>
    </p>
   </div>
   <div class='ocr_carea' id='block_1_46' title="bbox 604 2781 1096 2850">
    <p class='ocr_par' dir='ltr' id='par_1_46' title="bbox 604 2781 1096 2850">
     <span class='ocr_line' id='line_1_46' title="bbox 604 2781 1096 2850; baseline 0.006 -15"><span class='ocrx_word' id='word_1_240' title='bbox 604 2781 728 2836; x_wconf 91' lang='lat' dir='ltr'><strong>cod.</strong></span> <span class='ocrx_word' id='word_1_241' title='bbox 761 2798 850 2850; x_wconf 85' lang='lat' dir='ltr'><strong>xv,</strong></span> <span class='ocrx_word' id='word_1_242' title='bbox 879 2782 974 2837; x_wconf 87' lang='lat' dir='ltr'><strong>fol.</strong></span> <span class='ocrx_word' id='word_1_243' title='bbox 1002 2782 1096 2838; x_wconf 74' lang='grc'><strong>25.</strong></span> 
     </span>
    </p>
   </div>
   <div class='ocr_carea' id='block_1_47' title="bbox 677 2874 1364 2960">
    <p class='ocr_par' dir='ltr' id='par_1_47' title="bbox 677 2874 1364 2960">
     <span class='ocr_line' id='line_1_47' title="bbox 677 2874 1364 2960; baseline 0.001 -31"><span class='ocrx_word' id='word_1_244' title='bbox 677 2875 816 2956; x_wconf 81' lang='lat' dir='ltr'><strong>Edit.</strong></span> <span class='ocrx_word' id='word_1_245' title='bbox 845 2875 922 2960; x_wconf 28' lang='grc' dir='ltr'><strong>Ν..</strong></span> <span class='ocrx_word' id='word_1_246' title='bbox 943 2877 993 2930; x_wconf 83' lang='grc' dir='ltr'><strong>Ι.</strong></span> <span class='ocrx_word' id='word_1_247' title='bbox 1013 2874 1364 2960; x_wconf 40' lang='grc' dir='ltr'><strong>,Ηᾳάὶεοηαιιω</strong></span> 
     </span>
    </p>
   </div>
   <div class='ocr_carea' id='block_1_48' title="bbox 600 2955 1253 3016">
    <p class='ocr_par' dir='ltr' id='par_1_48' title="bbox 600 2955 1253 3016">
     <span class='ocr_line' id='line_1_48' title="bbox 600 2955 1253 3016; baseline 0 -15"><span class='ocrx_word' id='word_1_248' title='bbox 600 2955 673 3001; x_wconf 82' lang='lat' dir='ltr'><strong>est</strong></span> <span class='ocrx_word' id='word_1_249' title='bbox 704 2955 812 3001; x_wconf 82' lang='lat' dir='ltr'><strong>sine</strong></span> <span class='ocrx_word' id='word_1_250' title='bbox 839 2957 982 3016; x_wconf 85' lang='lat' dir='ltr'><strong>patre</strong></span> <span class='ocrx_word' id='word_1_251' title='bbox 1008 2955 1060 3001; x_wconf 84' lang='lat' dir='ltr'><strong>in</strong></span> <span class='ocrx_word' id='word_1_252' title='bbox 1083 2955 1253 3002; x_wconf 86' lang='lat' dir='ltr'><strong>terris.</strong></span> 
     </span>
    </p>
   </div>
   <div class='ocr_carea' id='block_1_49' title="bbox 1508 2876 2197 2942">
    <p class='ocr_par' dir='ltr' id='par_1_49' title="bbox 1508 2876 2197 2942">
     <span class='ocr_line' id='line_1_49' title="bbox 1508 2876 2197 2942; baseline -0.001 -10"><span class='ocrx_word' id='word_1_253' title='bbox 1508 2876 1639 2932; x_wconf 87' lang='lat' dir='ltr'><strong>Cod.</strong></span> <span class='ocrx_word' id='word_1_254' title='bbox 1671 2893 1852 2932; x_wconf 83' lang='lat' dir='ltr'><strong>xcvm.</strong></span> <span class='ocrx_word' id='word_1_255' title='bbox 1888 2877 1962 2932; x_wconf 88' lang='lat' dir='ltr'><strong>De</strong></span> <span class='ocrx_word' id='word_1_256' title='bbox 1989 2888 2063 2942; x_wconf 90' lang='lat' dir='ltr'><strong>te,</strong></span> <span class='ocrx_word' id='word_1_257' title='bbox 2102 2877 2197 2932; x_wconf 89' lang='lat' dir='ltr'><strong>Dei</strong></span> 
     </span>
    </p>
   </div>
   <div class='ocr_carea' id='block_1_50' title="bbox 1434 2949 2200 3019">
    <p class='ocr_par' dir='ltr' id='par_1_50' title="bbox 1434 2949 2200 3019">
     <span class='ocr_line' id='line_1_50' title="bbox 1434 2949 2200 3019; baseline 0.003 -18"><span class='ocrx_word' id='word_1_258' title='bbox 1434 2949 1677 3018; x_wconf 75' lang='lat' dir='ltr'><strong>genitrix,</strong></span> <span class='ocrx_word' id='word_1_259' title='bbox 1707 2959 1856 3002; x_wconf 87' lang='lat' dir='ltr'><strong>natus</strong></span> <span class='ocrx_word' id='word_1_260' title='bbox 1881 2959 1953 3003; x_wconf 88' lang='lat' dir='ltr'><strong>est</strong></span> <span class='ocrx_word' id='word_1_261' title='bbox 1979 2952 2088 3003; x_wconf 85' lang='lat' dir='ltr'><strong>sine</strong></span> <span class='ocrx_word' id='word_1_262' title='bbox 2107 2967 2200 3019; x_wconf 88' lang='lat' dir='ltr'><strong>pa-</strong></span> 
     </span>
    </p>
   </div>
   <div class='ocr_carea' id='block_1_51' title="bbox 1436 3020 1799 3073">
    <p class='ocr_par' dir='ltr' id='par_1_51' title="bbox 1436 3020 1799 3073">
     <span class='ocr_line' id='line_1_51' title="bbox 1436 3020 1799 3073; baseline 0.006 -3"><span class='ocrx_word' id='word_1_263' title='bbox 1436 3028 1510 3071; x_wconf 85' lang='lat' dir='ltr'><strong>tre</strong></span> <span class='ocrx_word' id='word_1_264' title='bbox 1541 3020 1591 3072; x_wconf 90' lang='lat' dir='ltr'><strong>in</strong></span> <span class='ocrx_word' id='word_1_265' title='bbox 1632 3021 1799 3073; x_wconf 83' lang='lat' dir='ltr'><strong>terris.</strong></span> 
     </span>
    </p>
   </div>
   <div class='ocr_carea' id='block_1_52' title="bbox 676 3087 1363 3157">
    <p class='ocr_par' dir='ltr' id='par_1_52' title="bbox 676 3087 1363 3157">
     <span class='ocr_line' id='line_1_52' title="bbox 676 3087 1363 3157; baseline 0.001 -16"><span class='ocrx_word' id='word_1_266' title='bbox 676 3089 807 3142; x_wconf 83' lang='lat' dir='ltr'><strong>Ibid.</strong></span> <span class='ocrx_word' id='word_1_267' title='bbox 850 3087 1018 3142; x_wconf 77' lang='lat' dir='ltr'><strong>Mater</strong></span> <span class='ocrx_word' id='word_1_268' title='bbox 1065 3089 1234 3157; x_wconf 89' lang='lat' dir='ltr'><strong>facta,</strong></span> <span class='ocrx_word' id='word_1_269' title='bbox 1273 3089 1363 3142; x_wconf 89' lang='lat' dir='ltr'><strong>sed</strong></span> 
     </span>
    </p>
   </div>
   <div class='ocr_carea' id='block_1_53' title="bbox 602 3158 920 3228">
    <p class='ocr_par' dir='ltr' id='par_1_53' title="bbox 602 3158 920 3228">
     <span class='ocr_line' id='line_1_53' title="bbox 602 3158 920 3228; baseline 0.009 -16"><span class='ocrx_word' id='word_1_270' title='bbox 602 3158 920 3228; x_wconf 82' lang='lat' dir='ltr'><strong>incorrupta.</strong></span> 
     </span>
    </p>
   </div>
   <div class='ocr_carea' id='block_1_54' title="bbox 671 3230 1360 3286">
    <p class='ocr_par' dir='ltr' id='par_1_54' title="bbox 671 3230 1360 3286">
     <span class='ocr_line' id='line_1_54' title="bbox 671 3230 1360 3286; baseline 0.001 -2"><span class='ocrx_word' id='word_1_271' title='bbox 671 3230 734 3286; x_wconf 90' lang='grc' dir='ltr'><strong>Ν.</strong></span> <span class='ocrx_word' id='word_1_272' title='bbox 777 3231 832 3285; x_wconf 76' lang='lat'><strong>‘2.</strong></span> <span class='ocrx_word' id='word_1_273' title='bbox 880 3230 1124 3284; x_wconf 90' lang='lat' dir='ltr'><strong>Dicamus</strong></span> <span class='ocrx_word' id='word_1_274' title='bbox 1168 3239 1360 3285; x_wconf 74' lang='lat' dir='ltr'><strong>sancta:</strong></span> 
     </span>
    </p>
   </div>
   <div class='ocr_carea' id='block_1_55' title="bbox 1509 3090 2194 3161">
    <p class='ocr_par' dir='ltr' id='par_1_55' title="bbox 1509 3090 2194 3161">
     <span class='ocr_line' id='line_1_55' title="bbox 1509 3090 2194 3161; baseline 0.004 -20"><span class='ocrx_word' id='word_1_275' title='bbox 1509 3091 1581 3142; x_wconf 93' lang='lat' dir='ltr'><strong>Id.</strong></span> <span class='ocrx_word' id='word_1_276' title='bbox 1621 3090 1789 3144; x_wconf 85' lang='lat' dir='ltr'><strong>Mater</strong></span> <span class='ocrx_word' id='word_1_277' title='bbox 1815 3092 1953 3161; x_wconf 75' lang='lat' dir='ltr'><strong>fteta,</strong></span> <span class='ocrx_word' id='word_1_278' title='bbox 1981 3090 2073 3144; x_wconf 85' lang='lat' dir='ltr'><strong>sed</strong></span> <span class='ocrx_word' id='word_1_279' title='bbox 2112 3107 2194 3144; x_wconf 81' lang='lat' dir='ltr'><strong>tn-</strong></span> 
     </span>
    </p>
   </div>
   <div class='ocr_carea' id='block_1_56' title="bbox 1435 3173 1692 3229">
    <p class='ocr_par' dir='ltr' id='par_1_56' title="bbox 1435 3173 1692 3229">
     <span class='ocr_line' id='line_1_56' title="bbox 1435 3173 1692 3229; baseline 0.012 -18"><span class='ocrx_word' id='word_1_280' title='bbox 1435 3173 1692 3229; x_wconf 87' lang='lat' dir='ltr'><strong>corrupta.</strong></span> 
     </span>
    </p>
   </div>
   <div class='ocr_carea' id='block_1_57' title="bbox 1504 3231 2193 3287">
    <p class='ocr_par' dir='ltr' id='par_1_57' title="bbox 1504 3231 2193 3287">
     <span class='ocr_line' id='line_1_57' title="bbox 1504 3231 2193 3287; baseline 0.003 -3"><span class='ocrx_word' id='word_1_281' title='bbox 1504 3231 1581 3284; x_wconf 95' lang='lat' dir='ltr'><strong>Id.</strong></span> <span class='ocrx_word' id='word_1_282' title='bbox 1625 3232 1862 3286; x_wconf 84' lang='lat' dir='ltr'><strong>Dicamus</strong></span> <span class='ocrx_word' id='word_1_283' title='bbox 1882 3242 2071 3287; x_wconf 77' lang='lat' dir='ltr'><strong>sancta:</strong></span> <span class='ocrx_word' id='word_1_284' title='bbox 2093 3235 2193 3286; x_wconf 85' lang='lat' dir='ltr'><strong>vir—</strong></span> 
     </span>
    </p>
   </div>
   <div class='ocr_carea' id='block_1_58' title="bbox 599 3300 1358 3369">
    <p class='ocr_par' dir='ltr' id='par_1_58' title="bbox 599 3300 1358 3369">
     <span class='ocr_line' id='line_1_58' title="bbox 599 3300 1358 3369; baseline 0.003 -17"><span class='ocrx_word' id='word_1_285' title='bbox 599 3300 804 3369; x_wconf 82' lang='lat' dir='ltr'><strong>virgini,</strong></span> <span class='ocrx_word' id='word_1_286' title='bbox 839 3301 1022 3354; x_wconf 72' lang='lat' dir='ltr'><strong>Marite</strong></span> <span class='ocrx_word' id='word_1_287' title='bbox 1059 3302 1212 3354; x_wconf 86' lang='lat' dir='ltr'><strong>matri</strong></span> <span class='ocrx_word' id='word_1_288' title='bbox 1257 3301 1358 3354; x_wconf 88' lang='lat' dir='ltr'><strong>Do-</strong></span> 
     </span>
    </p>
   </div>
   <div class='ocr_carea' id='block_1_59' title="bbox 597 3369 1359 3438">
    <p class='ocr_par' dir='ltr' id='par_1_59' title="bbox 597 3369 1359 3438">
     <span class='ocr_line' id='line_1_59' title="bbox 597 3369 1359 3438; baseline 0.007 -16"><span class='ocrx_word' id='word_1_289' title='bbox 597 3373 722 3424; x_wconf 84' lang='lat' dir='ltr'><strong>mini</strong></span> <span class='ocrx_word' id='word_1_290' title='bbox 777 3375 935 3426; x_wconf 80' lang='lat' dir='ltr'><strong>nostri</strong></span> <span class='ocrx_word' id='word_1_291' title='bbox 976 3369 1104 3426; x_wconf 81' lang='lat' dir='ltr'><strong>Jesu</strong></span> <span class='ocrx_word' id='word_1_292' title='bbox 1132 3370 1359 3438; x_wconf 77' lang='lat' dir='ltr'><strong>Christi;</strong></span> 
     </span>
    </p>
   </div>
   <div class='ocr_carea' id='block_1_60' title="bbox 598 3443 981 3508">
    <p class='ocr_par' dir='ltr' id='par_1_60' title="bbox 598 3443 981 3508">
     <span class='ocr_line' id='line_1_60' title="bbox 598 3443 981 3508; baseline 0.013 -13"><span class='ocrx_word' id='word_1_293' title='bbox 598 3443 848 3508; x_wconf 69' lang='lat' dir='ltr'><strong>dicamus,</strong></span> <span class='ocrx_word' id='word_1_294' title='bbox 875 3453 981 3500; x_wconf 90' lang='lat' dir='ltr'><strong>etc.</strong></span> 
     </span>
    </p>
   </div>
   <div class='ocr_carea' id='block_1_61' title="bbox 1431 3373 2186 3442">
    <p class='ocr_par' dir='ltr' id='par_1_61' title="bbox 1431 3373 2186 3442">
     <span class='ocr_line' id='line_1_61' title="bbox 1431 3373 2186 3442; baseline 0.007 -18"><span class='ocrx_word' id='word_1_295' title='bbox 1431 3378 1590 3427; x_wconf 86' lang='lat' dir='ltr'><strong>nostri</strong></span> <span class='ocrx_word' id='word_1_296' title='bbox 1631 3373 1754 3428; x_wconf 80' lang='lat' dir='ltr'><strong>Jesu</strong></span> <span class='ocrx_word' id='word_1_297' title='bbox 1805 3374 2031 3429; x_wconf 79' lang='lat' dir='ltr'><strong>Christi:</strong></span> <span class='ocrx_word' id='word_1_298' title='bbox 2062 3392 2186 3442; x_wconf 89' lang='lat' dir='ltr'><strong>ave,</strong></span> 
     </span>
    </p>
   </div>
   <div class='ocr_carea' id='block_1_62' title="bbox 1431 3445 2189 3514">
    <p class='ocr_par' dir='ltr' id='par_1_62' title="bbox 1431 3445 2189 3514">
     <span class='ocr_line' id='line_1_62' title="bbox 1431 3445 2189 3514; baseline 0.007 -19"><span class='ocrx_word' id='word_1_299' title='bbox 1431 3446 1598 3514; x_wconf 84' lang='lat' dir='ltr'><strong>gratia</strong></span> <span class='ocrx_word' id='word_1_300' title='bbox 1666 3445 1814 3498; x_wconf 87' lang='lat' dir='ltr'><strong>olena</strong></span> <span class='ocrx_word' id='word_1_301' title='bbox 1839 3462 1857 3509; x_wconf 88' lang='lat'><strong><em>;</em></strong></span> <span class='ocrx_word' id='word_1_302' title='bbox 1923 3447 2153 3500; x_wconf 76' lang='lat' dir='ltr'><strong>dicamus</strong></span> <span class='ocrx_word' id='word_1_303' title='bbox 2171 3486 2189 3513; x_wconf 93' lang='lat'><strong>,</strong></span> 
     </span>
    </p>
   </div>
   <div class='ocr_carea' id='block_1_63' title="bbox 1431 3523 1536 3569">
    <p class='ocr_par' dir='ltr' id='par_1_63' title="bbox 1431 3523 1536 3569">
     <span class='ocr_line' id='line_1_63' title="bbox 1431 3523 1536 3569; baseline 0 0"><span class='ocrx_word' id='word_1_304' title='bbox 1431 3523 1536 3569; x_wconf 66' lang='grc' dir='ltr'><strong>εις.</strong></span> 
     </span>
    </p>
   </div>
   <div class='ocr_carea' id='block_1_64' title="bbox 1500 3585 2191 3648">
    <p class='ocr_par' dir='ltr' id='par_1_64' title="bbox 1500 3585 2191 3648">
     <span class='ocr_line' id='line_1_64' title="bbox 1500 3585 2191 3648; baseline 0.003 -10"><span class='ocrx_word' id='word_1_305' title='bbox 1500 3585 1632 3640; x_wconf 89' lang='lat' dir='ltr'><strong>Cod.</strong></span> <span class='ocrx_word' id='word_1_306' title='bbox 1667 3603 1755 3640; x_wconf 82' lang='lat' dir='ltr'><strong>xv.</strong></span> <span class='ocrx_word' id='word_1_307' title='bbox 1790 3586 1856 3639; x_wconf 87' lang='lat' dir='ltr'><strong>Et</strong></span> <span class='ocrx_word' id='word_1_308' title='bbox 1893 3602 2049 3648; x_wconf 88' lang='lat' dir='ltr'><strong>nunc,</strong></span> <span class='ocrx_word' id='word_1_309' title='bbox 2087 3585 2191 3641; x_wconf 59' lang='lat' dir='ltr'><strong>Do-</strong></span> 
     </span>
    </p>
   </div>
   <div class='ocr_carea' id='block_1_65' title="bbox 1432 3656 2186 3719">
    <p class='ocr_par' dir='ltr' id='par_1_65' title="bbox 1432 3656 2186 3719">
     <span class='ocr_line' id='line_1_65' title="bbox 1432 3656 2186 3719; baseline 0.008 -12"><span class='ocrx_word' id='word_1_310' title='bbox 1432 3656 1583 3719; x_wconf 81' lang='lat' dir='ltr'><strong>utine,</strong></span> <span class='ocrx_word' id='word_1_311' title='bbox 1599 3658 1798 3710; x_wconf 86' lang='lat' dir='ltr'><strong>dimitte</strong></span> <span class='ocrx_word' id='word_1_312' title='bbox 1811 3673 2006 3711; x_wconf 76' lang='lat' dir='ltr'><strong>servant</strong></span> <span class='ocrx_word' id='word_1_313' title='bbox 2023 3667 2186 3714; x_wconf 88' lang='lat' dir='ltr'><strong>tuum.</strong></span> 
     </span>
    </p>
   </div>
   <div class='ocr_carea' id='block_1_66' title="bbox 1432 3726 1889 3782">
    <p class='ocr_par' dir='ltr' id='par_1_66' title="bbox 1432 3726 1889 3782">
     <span class='ocr_line' id='line_1_66' title="bbox 1432 3726 1889 3782; baseline 0.002 -4"><span class='ocrx_word' id='word_1_314' title='bbox 1432 3726 1497 3779; x_wconf 85' lang='lat' dir='ltr'><strong>Et</strong></span> <span class='ocrx_word' id='word_1_315' title='bbox 1527 3730 1606 3781; x_wconf 87' lang='lat' dir='ltr'><strong>sic</strong></span> <span class='ocrx_word' id='word_1_316' title='bbox 1648 3729 1889 3782; x_wconf 82' lang='lat' dir='ltr'><strong>inferius.</strong></span> 
     </span>
    </p>
   </div>
   <div class='ocr_carea' id='block_1_67' title="bbox 671 3797 2188 3869">
    <p class='ocr_par' dir='ltr' id='par_1_67' title="bbox 671 3797 2188 3869">
     <span class='ocr_line' id='line_1_67' title="bbox 671 3797 2188 3869; baseline 0.001 -17"><span class='ocrx_word' id='word_1_317' title='bbox 671 3797 802 3854; x_wconf 89' lang='lat' dir='ltr'><strong>Ibid.</strong></span> <span class='ocrx_word' id='word_1_318' title='bbox 862 3799 963 3863; x_wconf 84' lang='lat' dir='ltr'><strong>Qui</strong></span> <span class='ocrx_word' id='word_1_319' title='bbox 1014 3798 1196 3869; x_wconf 89' lang='lat' dir='ltr'><strong>plenus</strong></span> <span class='ocrx_word' id='word_1_320' title='bbox 1249 3806 1356 3851; x_wconf 88' lang='lat' dir='ltr'><strong>erat</strong></span> <span class='ocrx_word' id='word_1_321' title='bbox 1499 3797 1631 3851; x_wconf 87' lang='lat' dir='ltr'><strong>Cod.</strong></span> <span class='ocrx_word' id='word_1_322' title='bbox 1666 3815 1845 3854; x_wconf 79' lang='lat' dir='ltr'><strong>xcvm.</strong></span> <span class='ocrx_word' id='word_1_323' title='bbox 1884 3798 1985 3864; x_wconf 84' lang='lat' dir='ltr'><strong>Qui</strong></span> <span class='ocrx_word' id='word_1_324' title='bbox 2007 3799 2188 3864; x_wconf 84' lang='lat' dir='ltr'><strong>plenus</strong></span> 
     </span>
    </p>
   </div>
   <div class='ocr_carea' id='block_1_68' title="bbox 599 3869 2191 3939">
    <p class='ocr_par' dir='ltr' id='par_1_68' title="bbox 599 3869 2191 3939">
     <span class='ocr_line' id='line_1_68' title="bbox 599 3869 2191 3939; baseline 0.001 -16"><span class='ocrx_word' id='word_1_325' title='bbox 599 3871 802 3939; x_wconf 80' lang='lat' dir='ltr'><strong>pietate.</strong></span> <span class='ocrx_word' id='word_1_326' title='bbox 825 3869 1033 3925; x_wconf 81' lang='lat' dir='ltr'><strong>Simeon</strong></span> <span class='ocrx_word' id='word_1_327' title='bbox 1049 3885 1221 3934; x_wconf 76' lang='lat' dir='ltr'><strong>senex,</strong></span> <span class='ocrx_word' id='word_1_328' title='bbox 1248 3879 1352 3924; x_wconf 90' lang='lat' dir='ltr'><strong>etc.</strong></span> <span class='ocrx_word' id='word_1_329' title='bbox 1429 3879 1536 3920; x_wconf 90' lang='lat' dir='ltr'><strong>erat</strong></span> <span class='ocrx_word' id='word_1_330' title='bbox 1569 3869 1775 3934; x_wconf 86' lang='lat' dir='ltr'><strong>pietate.</strong></span> <span class='ocrx_word' id='word_1_331' title='bbox 1811 3870 1975 3935; x_wconf 78' lang='lat' dir='ltr'><strong>Rogo,</strong></span> <span class='ocrx_word' id='word_1_332' title='bbox 2006 3873 2191 3938; x_wconf 88' lang='lat' dir='ltr'><strong>fratres</strong></span> 
     </span>
    </p>
   </div>
   <div class='ocr_carea' id='block_1_69' title="bbox 1429 3941 2190 4009">
    <p class='ocr_par' dir='ltr' id='par_1_69' title="bbox 1429 3941 2190 4009">
     <span class='ocr_line' id='line_1_69' title="bbox 1429 3941 2190 4009; baseline 0.008 -19"><span class='ocrx_word' id='word_1_333' title='bbox 1429 3941 1703 4004; x_wconf 85' lang='lat' dir='ltr'><strong>carissimi,</strong></span> <span class='ocrx_word' id='word_1_334' title='bbox 1731 3941 1854 4009; x_wconf 89' lang='lat' dir='ltr'><strong>quid</strong></span> <span class='ocrx_word' id='word_1_335' title='bbox 1883 3943 1947 3992; x_wconf 87' lang='lat' dir='ltr'><strong>sit</strong></span> <span class='ocrx_word' id='word_1_336' title='bbox 1994 3943 2086 3994; x_wconf 80' lang='lat' dir='ltr'><strong>iste</strong></span> <span class='ocrx_word' id='word_1_337' title='bbox 2113 3957 2190 3996; x_wconf 88' lang='lat' dir='ltr'><strong>se-</strong></span> 
     </span>
    </p>
   </div>
   <div class='ocr_carea' id='block_1_70' title="bbox 540 4007 2189 4080">
    <p class='ocr_par' dir='ltr' id='par_1_70' title="bbox 540 4007 2189 4080">
     <span class='ocr_line' id='line_1_70' title="bbox 540 4007 2189 4080; baseline 0.001 -15"><span class='ocrx_word' id='word_1_338' title='bbox 540 4036 547 4044; x_wconf 91' lang='lat'>-</span> <span class='ocrx_word' id='word_1_339' title='bbox 600 4007 702 4066; x_wconf 64' lang='lat' dir='ltr'><strong>ne:</strong></span> <span class='ocrx_word' id='word_1_340' title='bbox 745 4015 986 4077; x_wconf 90' lang='lat' dir='ltr'><strong>Simeon,</strong></span> <span class='ocrx_word' id='word_1_341' title='bbox 1028 4013 1112 4080; x_wconf 86' lang='lat' dir='ltr'><strong>qui</strong></span> <span class='ocrx_word' id='word_1_342' title='bbox 1153 4009 1558 4080; x_wconf 85' lang='lat' dir='ltr'><strong>magnitudinem</strong></span> <span class='ocrx_word' id='word_1_343' title='bbox 1607 4007 1850 4064; x_wconf 82' lang='lat' dir='ltr'><strong>sentiebat</strong></span> <span class='ocrx_word' id='word_1_344' title='bbox 1891 4013 1942 4063; x_wconf 89' lang='lat' dir='ltr'><strong>in</strong></span> <span class='ocrx_word' id='word_1_345' title='bbox 1995 4028 2189 4080; x_wconf 87' lang='lat' dir='ltr'><strong>parvo;</strong></span> 
     </span>
    </p>
   </div>
   <div class='ocr_carea' id='block_1_71' title="bbox 600 4081 2190 4152">
    <p class='ocr_par' dir='ltr' id='par_1_71' title="bbox 600 4081 2190 4152">
     <span class='ocr_line' id='line_1_71' title="bbox 600 4081 2190 4152; baseline 0.001 -15"><span class='ocrx_word' id='word_1_346' title='bbox 600 4085 736 4148; x_wconf 82' lang='lat' dir='ltr'><strong>quod</strong></span> <span class='ocrx_word' id='word_1_347' title='bbox 756 4084 974 4146; x_wconf 89' lang='lat' dir='ltr'><strong>videbat,</strong></span> <span class='ocrx_word' id='word_1_348' title='bbox 1010 4083 1144 4149; x_wconf 86' lang='lat' dir='ltr'><strong>quod</strong></span> <span class='ocrx_word' id='word_1_349' title='bbox 1171 4081 1514 4152; x_wconf 63' lang='lat' dir='ltr'><strong>intelligebat,</strong></span> <span class='ocrx_word' id='word_1_350' title='bbox 1541 4083 1790 4136; x_wconf 89' lang='lat' dir='ltr'><strong>mundum</strong></span> <span class='ocrx_word' id='word_1_351' title='bbox 1827 4082 2053 4149; x_wconf 82' lang='lat' dir='ltr'><strong>regebat;</strong></span> <span class='ocrx_word' id='word_1_352' title='bbox 2082 4088 2190 4152; x_wconf 88' lang='lat' dir='ltr'><strong>ipse</strong></span> 
     </span>
    </p>
   </div>
   <div class='ocr_carea' id='block_1_72' title="bbox 598 4149 2188 4224">
    <p class='ocr_par' dir='ltr' id='par_1_72' title="bbox 598 4149 2188 4224">
     <span class='ocr_line' id='line_1_72' title="bbox 598 4149 2188 4224; baseline -0.001 -16"><span class='ocrx_word' id='word_1_353' title='bbox 598 4152 809 4224; x_wconf 79' lang='lat' dir='ltr'><strong>ferebat,</strong></span> <span class='ocrx_word' id='word_1_354' title='bbox 838 4166 885 4208; x_wconf 94' lang='lat' dir='ltr'><strong>et</strong></span> <span class='ocrx_word' id='word_1_355' title='bbox 914 4153 1148 4210; x_wconf 87' lang='lat' dir='ltr'><strong>Christus</strong></span> <span class='ocrx_word' id='word_1_356' title='bbox 1176 4149 1398 4222; x_wconf 82' lang='lat' dir='ltr'><strong>regebat.</strong></span> <span class='ocrx_word' id='word_1_357' title='bbox 1415 4149 1627 4224; x_wconf 83' lang='lat' dir='ltr'><strong>Simeon</strong></span> <span class='ocrx_word' id='word_1_358' title='bbox 1643 4169 1813 4217; x_wconf 68' lang='lat' dir='ltr'><strong>senex,</strong></span> <span class='ocrx_word' id='word_1_359' title='bbox 1840 4161 1944 4206; x_wconf 88' lang='lat' dir='ltr'><strong>etc.</strong></span> <span class='ocrx_word' id='word_1_360' title='bbox 1968 4149 2188 4209; x_wconf 63' lang='lat' dir='ltr'><strong>Cod.“</strong></span> 
     </span>
    </p>
   </div>
   <div class='ocr_carea' id='block_1_73' title="bbox 601 4223 2188 4296">
    <p class='ocr_par' dir='ltr' id='par_1_73' title="bbox 601 4223 2188 4296">
     <span class='ocr_line' id='line_1_73' title="bbox 601 4223 2188 4296; baseline 0 -18"><span class='ocrx_word' id='word_1_361' title='bbox 601 4223 721 4294; x_wconf 85' lang='lat' dir='ltr'><strong>quia</strong></span> <span class='ocrx_word' id='word_1_362' title='bbox 750 4229 932 4296; x_wconf 89' lang='lat' dir='ltr'><strong>plenus</strong></span> <span class='ocrx_word' id='word_1_363' title='bbox 962 4234 1070 4280; x_wconf 88' lang='lat' dir='ltr'><strong>erat</strong></span> <span class='ocrx_word' id='word_1_364' title='bbox 1099 4226 1348 4296; x_wconf 77' lang='lat' dir='ltr'><strong>pietate...</strong></span> <span class='ocrx_word' id='word_1_365' title='bbox 1365 4223 1623 4296; x_wconf 85' lang='lat' dir='ltr'><strong>etdeinde</strong></span> <span class='ocrx_word' id='word_1_366' title='bbox 1645 4225 1780 4292; x_wconf 87' lang='lat' dir='ltr'><strong>quod</strong></span> <span class='ocrx_word' id='word_1_367' title='bbox 1794 4226 2008 4296; x_wconf 58' lang='lat' dir='ltr'><strong>videbat,</strong></span> <span class='ocrx_word' id='word_1_368' title='bbox 2028 4235 2188 4278; x_wconf 82' lang='lat' dir='ltr'><strong>mater</strong></span> 
     </span>
    </p>
   </div>
   <div class='ocr_carea' id='block_1_74' title="bbox 601 4293 2189 4365">
    <p class='ocr_par' dir='ltr' id='par_1_74' title="bbox 601 4293 2189 4365">
     <span class='ocr_line' id='line_1_74' title="bbox 601 4293 2189 4365; baseline 0 -16"><span class='ocrx_word' id='word_1_369' title='bbox 601 4293 864 4362; x_wconf 81' lang='lat' dir='ltr'><strong>portabat:</strong></span> <span class='ocrx_word' id='word_1_370' title='bbox 892 4297 1027 4364; x_wconf 86' lang='lat' dir='ltr'><strong>quod</strong></span> <span class='ocrx_word' id='word_1_371' title='bbox 1056 4293 1386 4362; x_wconf 74' lang='lat' dir='ltr'><strong>intelligebat,</strong></span> <span class='ocrx_word' id='word_1_372' title='bbox 1404 4295 1651 4365; x_wconf 75' lang='lat' dir='ltr'><strong>mundum</strong></span> <span class='ocrx_word' id='word_1_373' title='bbox 1675 4299 1896 4365; x_wconf 78' lang='lat' dir='ltr'><strong>regebat.</strong></span> <span class='ocrx_word' id='word_1_374' title='bbox 1923 4295 2043 4362; x_wconf 87' lang='lat' dir='ltr'><strong>Ipsa</strong></span> <span class='ocrx_word' id='word_1_375' title='bbox 2059 4296 2189 4362; x_wconf 81' lang='lat' dir='ltr'><strong>fere-</strong></span> 
     </span>
    </p>
   </div>
   <div class='ocr_carea' id='block_1_75' title="bbox 600 4361 2190 4436">
    <p class='ocr_par' dir='ltr' id='par_1_75' title="bbox 600 4361 2190 4436">
     <span class='ocr_line' id='line_1_75' title="bbox 600 4361 2190 4436; baseline 0.003 -18"><span class='ocrx_word' id='word_1_376' title='bbox 600 4361 714 4433; x_wconf 89' lang='lat' dir='ltr'><strong>bat,</strong></span> <span class='ocrx_word' id='word_1_377' title='bbox 767 4377 814 4422; x_wconf 86' lang='lat' dir='ltr'><strong>et</strong></span> <span class='ocrx_word' id='word_1_378' title='bbox 859 4361 1092 4422; x_wconf 83' lang='lat' dir='ltr'><strong>Christus</strong></span> <span class='ocrx_word' id='word_1_379' title='bbox 1139 4361 1360 4436; x_wconf 88' lang='lat' dir='ltr'><strong>regebat.</strong></span> <span class='ocrx_word' id='word_1_380' title='bbox 1395 4361 1604 4418; x_wconf 85' lang='lat' dir='ltr'><strong>Simeou</strong></span> <span class='ocrx_word' id='word_1_381' title='bbox 1655 4361 1839 4432; x_wconf 72' lang='lat' dir='ltr'><strong>senex,</strong></span> <span class='ocrx_word' id='word_1_382' title='bbox 1885 4361 1988 4420; x_wconf 84' lang='lat' dir='ltr'><strong>etc.</strong></span> <span class='ocrx_word' id='word_1_383' title='bbox 2019 4361 2108 4422; x_wconf 87' lang='lat' dir='ltr'><strong>Sic</strong></span> <span class='ocrx_word' id='word_1_384' title='bbox 2135 4376 2190 4422; x_wconf 88' lang='lat' dir='ltr'><strong>et</strong></span> 
     </span>
    </p>
   </div>
   <div class='ocr_carea' id='block_1_76' title="bbox 600 4449 998 4503">
    <p class='ocr_par' dir='ltr' id='par_1_76' title="bbox 600 4449 998 4503">
     <span class='ocr_line' id='line_1_76' title="bbox 600 4449 998 4503; baseline 0 -13"><span class='ocrx_word' id='word_1_385' title='bbox 600 4451 682 4490; x_wconf 76' lang='lat' dir='ltr'><strong>cvn</strong></span> <span class='ocrx_word' id='word_1_386' title='bbox 705 4483 716 4503; x_wconf 86' lang='lat'><strong>,</strong></span> <span class='ocrx_word' id='word_1_387' title='bbox 750 4449 804 4492; x_wconf 83' lang='lat' dir='ltr'><strong>et</strong></span> <span class='ocrx_word' id='word_1_388' title='bbox 831 4453 998 4491; x_wconf 80' lang='lat' dir='ltr'><strong>cxvu.</strong></span> 
     </span>
    </p>
   </div>
   <div class='ocr_carea' id='block_1_77' title="bbox 673 4505 2188 4577">
    <p class='ocr_par' dir='ltr' id='par_1_77' title="bbox 673 4505 2188 4577">
     <span class='ocr_line' id='line_1_77' title="bbox 673 4505 2188 4577; baseline 0 -17"><span class='ocrx_word' id='word_1_389' title='bbox 673 4508 803 4560; x_wconf 85' lang='lat' dir='ltr'><strong>Ibid.</strong></span> <span class='ocrx_word' id='word_1_390' title='bbox 872 4506 1103 4560; x_wconf 84' lang='lat' dir='ltr'><strong>Christus</strong></span> <span class='ocrx_word' id='word_1_391' title='bbox 1156 4506 1359 4577; x_wconf 79' lang='lat' dir='ltr'><strong>regebat</strong></span> <span class='ocrx_word' id='word_1_392' title='bbox 1501 4506 1633 4560; x_wconf 90' lang='lat' dir='ltr'><strong>Cod.</strong></span> <span class='ocrx_word' id='word_1_393' title='bbox 1663 4523 1751 4561; x_wconf 79' lang='lat' dir='ltr'><strong>xv.</strong></span> <span class='ocrx_word' id='word_1_394' title='bbox 1784 4505 2014 4560; x_wconf 88' lang='lat' dir='ltr'><strong>Christus</strong></span> <span class='ocrx_word' id='word_1_395' title='bbox 2049 4523 2188 4576; x_wconf 82' lang='lat' dir='ltr'><strong>rege-</strong></span> 
     </span>
    </p>
   </div>
   <div class='ocr_carea' id='block_1_78' title="bbox 600 4576 2182 4632">
    <p class='ocr_par' dir='ltr' id='par_1_78' title="bbox 600 4576 2182 4632">
     <span class='ocr_line' id='line_1_78' title="bbox 600 4576 2182 4632; baseline -0.001 0"><span class='ocrx_word' id='word_1_396' title='bbox 600 4576 855 4632; x_wconf 88' lang='lat' dir='ltr'><strong>Simeonis</strong></span> <span class='ocrx_word' id='word_1_397' title='bbox 892 4576 1224 4632; x_wconf 84' lang='lat' dir='ltr'><strong>senectutem.</strong></span> <span class='ocrx_word' id='word_1_398' title='bbox 1261 4576 1358 4630; x_wconf 89' lang='lat' dir='ltr'><strong>Di-</strong></span> <span class='ocrx_word' id='word_1_399' title='bbox 1428 4577 1512 4630; x_wconf 90' lang='lat' dir='ltr'><strong>bat</strong></span> <span class='ocrx_word' id='word_1_400' title='bbox 1535 4577 1824 4631; x_wconf 88' lang='lat' dir='ltr'><strong>Simeonem</strong></span> <span class='ocrx_word' id='word_1_401' title='bbox 1847 4579 1899 4630; x_wconf 90' lang='lat' dir='ltr'><strong>in</strong></span> <span class='ocrx_word' id='word_1_402' title='bbox 1915 4588 2182 4630; x_wconf 81' lang='lat' dir='ltr'><strong>senectute.</strong></span> 
     </span>
    </p>
   </div>
   <div class='ocr_carea' id='block_1_79' title="bbox 599 4650 1141 4720">
    <p class='ocr_par' dir='ltr' id='par_1_79' title="bbox 599 4650 1141 4720">
     <span class='ocr_line' id='line_1_79' title="bbox 599 4650 1141 4720; baseline 0.006 -20"><span class='ocrx_word' id='word_1_403' title='bbox 599 4658 736 4703; x_wconf 88' lang='lat' dir='ltr'><strong>ctum</strong></span> <span class='ocrx_word' id='word_1_404' title='bbox 761 4651 806 4704; x_wconf 90' lang='lat' dir='ltr'><strong>ei</strong></span> <span class='ocrx_word' id='word_1_405' title='bbox 823 4650 1010 4720; x_wconf 81' lang='lat' dir='ltr'><strong>fuerat,</strong></span> <span class='ocrx_word' id='word_1_406' title='bbox 1036 4657 1141 4704; x_wconf 88' lang='lat' dir='ltr'><strong>etc.</strong></span> 
     </span>
    </p>
   </div>
   <div class='ocr_carea' id='block_1_80' title="bbox 668 3585 1353 3652">
    <p class='ocr_par' dir='ltr' id='par_1_80' title="bbox 668 3585 1353 3652">
     <span class='ocr_line' id='line_1_80' title="bbox 668 3585 1353 3652; baseline 0 -13"><span class='ocrx_word' id='word_1_407' title='bbox 668 3585 734 3640; x_wconf 86' lang='lat' dir='ltr'><strong>N.</strong></span> <span class='ocrx_word' id='word_1_408' title='bbox 775 3585 830 3639; x_wconf 81' lang='lat'><strong>5.</strong></span> <span class='ocrx_word' id='word_1_409' title='bbox 865 3585 1053 3652; x_wconf 87' lang='lat' dir='ltr'><strong>Nunc,</strong></span> <span class='ocrx_word' id='word_1_410' title='bbox 1106 3585 1353 3652; x_wconf 87' lang='lat' dir='ltr'><strong>Domine,</strong></span> 
     </span>
    </p>
   </div>
   <div class='ocr_carea' id='block_1_81' title="bbox 599 3655 1246 3711">
    <p class='ocr_par' dir='ltr' id='par_1_81' title="bbox 599 3655 1246 3711">
     <span class='ocr_line' id='line_1_81' title="bbox 599 3655 1246 3711; baseline 0.002 -3"><span class='ocrx_word' id='word_1_411' title='bbox 599 3655 814 3710; x_wconf 73' lang='lat' dir='ltr'><strong>dimittis</strong></span> <span class='ocrx_word' id='word_1_412' title='bbox 850 3673 1045 3711; x_wconf 86' lang='lat' dir='ltr'><strong>servum</strong></span> <span class='ocrx_word' id='word_1_413' title='bbox 1087 3665 1246 3710; x_wconf 87' lang='lat' dir='ltr'><strong>tuum.</strong></span> 
     </span>
    </p>
   </div>
   <div class='ocr_carea' id='block_1_82' title="bbox 1431 4719 2184 4785">
    <p class='ocr_par' dir='ltr' id='par_1_82' title="bbox 1431 4719 2184 4785">
     <span class='ocr_line' id='line_1_82' title="bbox 1431 4719 2184 4785; baseline 0.001 -13"><span class='ocrx_word' id='word_1_414' title='bbox 1431 4721 1633 4772; x_wconf 77' lang='lat' dir='ltr'><strong>Audite.</strong></span> <span class='ocrx_word' id='word_1_415' title='bbox 1665 4719 1836 4773; x_wconf 34' lang='lat' dir='ltr'><strong>’Nunc</strong></span> <span class='ocrx_word' id='word_1_416' title='bbox 1859 4760 1873 4784; x_wconf 96' lang='lat'><strong>,</strong></span> <span class='ocrx_word' id='word_1_417' title='bbox 1929 4719 2146 4773; x_wconf 87' lang='lat' dir='ltr'><strong>Domine</strong></span> <span class='ocrx_word' id='word_1_418' title='bbox 2171 4765 2184 4785; x_wconf 94' lang='lat'><strong>,</strong></span> 
     </span>
    </p>
   </div>
   <div class='ocr_carea' id='block_1_83' title="bbox 599 4791 2190 4860">
    <p class='ocr_par' dir='ltr' id='par_1_83' title="bbox 599 4791 2190 4860">
     <span class='ocr_line' id='line_1_83' title="bbox 599 4791 2190 4860; baseline -0.002 -14"><span class='ocrx_word' id='word_1_419' title='bbox 599 4794 802 4847; x_wconf 82' lang='lat' dir='ltr'><strong>dimitte</strong></span> <span class='ocrx_word' id='word_1_420' title='bbox 844 4810 1042 4848; x_wconf 88' lang='lat' dir='ltr'><strong>servum</strong></span> <span class='ocrx_word' id='word_1_421' title='bbox 1071 4801 1216 4846; x_wconf 88' lang='lat' dir='ltr'><strong>tuum</strong></span> <span class='ocrx_word' id='word_1_422' title='bbox 1245 4793 1298 4844; x_wconf 89' lang='lat' dir='ltr'><strong>in</strong></span> <span class='ocrx_word' id='word_1_423' title='bbox 1328 4808 1480 4855; x_wconf 76' lang='lat' dir='ltr'><strong>pace;</strong></span> <span class='ocrx_word' id='word_1_424' title='bbox 1512 4791 1564 4844; x_wconf 86' lang='lat' dir='ltr'><strong>in</strong></span> <span class='ocrx_word' id='word_1_425' title='bbox 1595 4808 1717 4860; x_wconf 86' lang='lat' dir='ltr'><strong>pace</strong></span> <span class='ocrx_word' id='word_1_426' title='bbox 1746 4793 1993 4858; x_wconf 88' lang='lat' dir='ltr'><strong>inquam;</strong></span> <span class='ocrx_word' id='word_1_427' title='bbox 2039 4807 2190 4858; x_wconf 90' lang='lat' dir='ltr'><strong>quam</strong></span> 
     </span>
    </p>
   </div>
   <div class='ocr_carea' id='block_1_84' title="bbox 597 4861 2190 4931">
    <p class='ocr_par' dir='ltr' id='par_1_84' title="bbox 597 4861 2190 4931">
     <span class='ocr_line' id='line_1_84' title="bbox 597 4861 2190 4931; baseline -0.002 -14"><span class='ocrx_word' id='word_1_428' title='bbox 597 4867 1044 4918; x_wconf 56' lang='lat' dir='ltr'><strong>commandaturus</strong></span> <span class='ocrx_word' id='word_1_429' title='bbox 1086 4881 1136 4918; x_wconf 89' lang='lat' dir='ltr'><strong>es</strong></span> <span class='ocrx_word' id='word_1_430' title='bbox 1187 4863 1451 4931; x_wconf 83' lang='lat' dir='ltr'><strong>discipulis</strong></span> <span class='ocrx_word' id='word_1_431' title='bbox 1501 4863 1599 4916; x_wconf 87' lang='lat' dir='ltr'><strong>tuis</strong></span> <span class='ocrx_word' id='word_1_432' title='bbox 1628 4878 1646 4913; x_wconf 90' lang='lat'><strong><em>:</em></strong></span> <span class='ocrx_word' id='word_1_433' title='bbox 1680 4862 1866 4915; x_wconf 84' lang='lat' dir='ltr'><strong>Pacem</strong></span> <span class='ocrx_word' id='word_1_434' title='bbox 1917 4877 2079 4915; x_wconf 90' lang='lat' dir='ltr'><strong>meam</strong></span> <span class='ocrx_word' id='word_1_435' title='bbox 2124 4861 2190 4914; x_wconf 91' lang='lat' dir='ltr'><strong>do</strong></span> 
     </span>
    </p>
   </div>
   <div class='ocr_carea' id='block_1_85' title="bbox 597 4932 2190 5004">
    <p class='ocr_par' dir='ltr' id='par_1_85' title="bbox 597 4932 2190 5004">
     <span class='ocr_line' id='line_1_85' title="bbox 597 4932 2190 5004; baseline -0.001 -17"><span class='ocrx_word' id='word_1_436' title='bbox 597 4935 756 4999; x_wconf 89' lang='lat' dir='ltr'><strong>vobis,</strong></span> <span class='ocrx_word' id='word_1_437' title='bbox 792 4953 964 5004; x_wconf 40' lang='lat' dir='ltr'><strong>pacem</strong></span> <span class='ocrx_word' id='word_1_438' title='bbox 993 4935 1224 5004; x_wconf 82' lang='lat' dir='ltr'><strong>relinquo</strong></span> <span class='ocrx_word' id='word_1_439' title='bbox 1254 4936 1410 4989; x_wconf 76' lang='lat' dir='ltr'><strong>vobis.</strong></span> <span class='ocrx_word' id='word_1_440' title='bbox 1443 4933 1648 4987; x_wconf 87' lang='lat' dir='ltr'><strong>Dictum</strong></span> <span class='ocrx_word' id='word_1_441' title='bbox 1675 4933 1722 4987; x_wconf 87' lang='lat' dir='ltr'><strong>ei</strong></span> <span class='ocrx_word' id='word_1_442' title='bbox 1755 4935 1941 5002; x_wconf 80' lang='lat' dir='ltr'><strong>fuerat,</strong></span> <span class='ocrx_word' id='word_1_443' title='bbox 1968 4943 2072 5004; x_wconf 88' lang='lat' dir='ltr'><strong>etc.</strong></span> <span class='ocrx_word' id='word_1_444' title='bbox 2099 4932 2190 4986; x_wconf 89' lang='lat' dir='ltr'><strong>Sic</strong></span> 
     </span>
    </p>
   </div>
   <div class='ocr_carea' id='block_1_86' title="bbox 597 5003 2185 5074">
    <p class='ocr_par' dir='ltr' id='par_1_86' title="bbox 597 5003 2185 5074">
     <span class='ocr_line' id='line_1_86' title="bbox 597 5003 2185 5074; baseline -0.001 -16"><span class='ocrx_word' id='word_1_445' title='bbox 597 5014 655 5058; x_wconf 90' lang='lat' dir='ltr'><strong>et</strong></span> <span class='ocrx_word' id='word_1_446' title='bbox 675 5003 799 5060; x_wconf 79' lang='lat' dir='ltr'><strong>cod.</strong></span> <span class='ocrx_word' id='word_1_447' title='bbox 824 5023 1003 5072; x_wconf 82' lang='lat' dir='ltr'><strong>xcvm,</strong></span> <span class='ocrx_word' id='word_1_448' title='bbox 1029 5003 1251 5074; x_wconf 82' lang='lat' dir='ltr'><strong>excepto</strong></span> <span class='ocrx_word' id='word_1_449' title='bbox 1274 5006 1413 5074; x_wconf 88' lang='lat' dir='ltr'><strong>quod</strong></span> <span class='ocrx_word' id='word_1_450' title='bbox 1440 5007 1596 5059; x_wconf 87' lang='lat' dir='ltr'><strong>habet</strong></span> <span class='ocrx_word' id='word_1_451' title='bbox 1617 5005 1831 5057; x_wconf 84' lang='lat' dir='ltr'><strong>dimittis</strong></span> <span class='ocrx_word' id='word_1_452' title='bbox 1849 5019 1944 5073; x_wconf 92' lang='lat' dir='ltr'><strong>pro</strong></span> <span class='ocrx_word' id='word_1_453' title='bbox 1967 5003 2185 5069; x_wconf 82' lang='lat' dir='ltr'><strong>dimitte,</strong></span> 
     </span>
    </p>
   </div>
   <div class='ocr_carea' id='block_1_87' title="bbox 599 5074 2186 5147">
    <p class='ocr_par' dir='ltr' id='par_1_87' title="bbox 599 5074 2186 5147">
     <span class='ocr_line' id='line_1_87' title="bbox 599 5074 2186 5147; baseline -0.003 -17"><span class='ocrx_word' id='word_1_454' title='bbox 599 5079 738 5147; x_wconf 73' lang='lat' dir='ltr'><strong>male</strong></span> <span class='ocrx_word' id='word_1_455' title='bbox 786 5080 925 5132; x_wconf 77' lang='lat' dir='ltr'><strong>tollit</strong></span> <span class='ocrx_word' id='word_1_456' title='bbox 973 5093 1127 5147; x_wconf 88' lang='lat' dir='ltr'><strong>quam</strong></span> <span class='ocrx_word' id='word_1_457' title='bbox 1171 5088 1288 5147; x_wconf 86' lang='lat' dir='ltr'><strong>post</strong></span> <span class='ocrx_word' id='word_1_458' title='bbox 1329 5076 1582 5147; x_wconf 73' lang='lat' dir='ltr'><strong>inquam,</strong></span> <span class='ocrx_word' id='word_1_459' title='bbox 1619 5074 2186 5147; x_wconf 20' lang='lat' dir='ltr'><strong>ponitucommendatus</strong></span> 
     </span>
    </p>
   </div>
   <div class='ocr_carea' id='block_1_88' title="bbox 596 5145 2188 5215">
    <p class='ocr_par' dir='ltr' id='par_1_88' title="bbox 596 5145 2188 5215">
     <span class='ocr_line' id='line_1_88' title="bbox 596 5145 2188 5215; baseline -0.001 -15"><span class='ocrx_word' id='word_1_460' title='bbox 596 5145 717 5201; x_wconf 80' lang='lat' dir='ltr'><strong>loco</strong></span> <span class='ocrx_word' id='word_1_461' title='bbox 738 5149 886 5203; x_wconf 83' lang='lat' dir='ltr'><strong>verbi</strong></span> <span class='ocrx_word' id='word_1_462' title='bbox 917 5145 1396 5213; x_wconf 75' lang='lat' dir='ltr'><strong>comvitendaturus,</strong></span> <span class='ocrx_word' id='word_1_463' title='bbox 1443 5158 1495 5201; x_wconf 90' lang='lat' dir='ltr'><strong>et</strong></span> <span class='ocrx_word' id='word_1_464' title='bbox 1523 5145 1705 5215; x_wconf 86' lang='lat' dir='ltr'><strong>adjicit</strong></span> <span class='ocrx_word' id='word_1_465' title='bbox 1739 5145 1911 5199; x_wconf 87' lang='lat' dir='ltr'><strong>dicens</strong></span> <span class='ocrx_word' id='word_1_466' title='bbox 1945 5155 2067 5199; x_wconf 84' lang='lat' dir='ltr'><strong>ante</strong></span> <span class='ocrx_word' id='word_1_467' title='bbox 2103 5145 2188 5198; x_wconf 85' lang='lat' dir='ltr'><strong>di-</strong></span> 
     </span>
    </p>
   </div>
   <div class='ocr_carea' id='block_1_89' title="bbox 597 5219 1437 5286">
    <p class='ocr_par' dir='ltr' id='par_1_89' title="bbox 597 5219 1437 5286">
     <span class='ocr_line' id='line_1_89' title="bbox 597 5219 1437 5286; baseline 0 -17"><span class='ocrx_word' id='word_1_468' title='bbox 597 5219 830 5286; x_wconf 86' lang='lat' dir='ltr'><strong>scipulis.</strong></span> <span class='ocrx_word' id='word_1_469' title='bbox 865 5220 934 5274; x_wconf 82' lang='lat' dir='ltr'><strong>Ita</strong></span> <span class='ocrx_word' id='word_1_470' title='bbox 964 5231 1016 5273; x_wconf 87' lang='lat' dir='ltr'><strong>et</strong></span> <span class='ocrx_word' id='word_1_471' title='bbox 1041 5234 1204 5286; x_wconf 74' lang='lat' dir='ltr'><strong>cxvii,</strong></span> <span class='ocrx_word' id='word_1_472' title='bbox 1238 5231 1290 5271; x_wconf 85' lang='lat' dir='ltr'><strong>et</strong></span> <span class='ocrx_word' id='word_1_473' title='bbox 1330 5234 1437 5273; x_wconf 74' lang='grc' dir='ltr'><strong>ενι.</strong></span> 
     </span>
    </p>
   </div>
   <div class='ocr_carea' id='block_1_90' title="bbox 696 5285 2189 5348">
    <p class='ocr_par' dir='ltr' id='par_1_90' title="bbox 696 5285 2189 5348">
     <span class='ocr_line' id='line_1_90' title="bbox 696 5285 2189 5348; baseline -0.004 -4"><span class='ocrx_word' id='word_1_474' title='bbox 696 5289 802 5346; x_wconf 89' lang='lat' dir='ltr'><strong>bid.</strong></span> <span class='ocrx_word' id='word_1_475' title='bbox 835 5290 1006 5344; x_wconf 88' lang='lat' dir='ltr'><strong>Natus</strong></span> <span class='ocrx_word' id='word_1_476' title='bbox 1028 5298 1100 5342; x_wconf 88' lang='lat' dir='ltr'><strong>est</strong></span> <span class='ocrx_word' id='word_1_477' title='bbox 1123 5291 1355 5344; x_wconf 87' lang='lat' dir='ltr'><strong>Christus</strong></span> <span class='ocrx_word' id='word_1_478' title='bbox 1466 5287 1630 5348; x_wconf 88' lang='lat' dir='ltr'><strong>,Cod.</strong></span> <span class='ocrx_word' id='word_1_479' title='bbox 1667 5302 1734 5340; x_wconf 80' lang='lat' dir='ltr'><strong>xv</strong></span> <span class='ocrx_word' id='word_1_480' title='bbox 1757 5295 1811 5340; x_wconf 91' lang='lat' dir='ltr'><strong>et</strong></span> <span class='ocrx_word' id='word_1_481' title='bbox 1830 5303 1992 5342; x_wconf 71' lang='lat' dir='ltr'><strong>cun.</strong></span> <span class='ocrx_word' id='word_1_482' title='bbox 2020 5285 2189 5340; x_wconf 88' lang='lat' dir='ltr'><strong>Natus</strong></span> 
     </span>
    </p>
   </div>
   <div class='ocr_carea' id='block_1_91' title="bbox 597 5357 2178 5430">
    <p class='ocr_par' dir='ltr' id='par_1_91' title="bbox 597 5357 2178 5430">
     <span class='ocr_line' id='line_1_91' title="bbox 597 5357 2178 5430; baseline -0.005 -16"><span class='ocrx_word' id='word_1_483' title='bbox 597 5362 959 5430; x_wconf 10' lang='lat' dir='ltr'><strong>etrimpletum</strong></span> <span class='ocrx_word' id='word_1_484' title='bbox 1008 5370 1080 5414; x_wconf 89' lang='lat' dir='ltr'><strong>est</strong></span> <span class='ocrx_word' id='word_1_485' title='bbox 1153 5362 1353 5415; x_wconf 81' lang='lat' dir='ltr'><strong>deside-</strong></span> <span class='ocrx_word' id='word_1_486' title='bbox 1428 5371 1501 5416; x_wconf 88' lang='lat' dir='ltr'><strong>est</strong></span> <span class='ocrx_word' id='word_1_487' title='bbox 1532 5357 2178 5430; x_wconf 85' lang='lat' dir='ltr'><strong>Christus;itleveniebat,</strong></span> 
     </span>
    </p>
   </div>
   <div class='ocr_carea' id='block_1_92' title="bbox 596 5429 2184 5498">
    <p class='ocr_par' dir='ltr' id='par_1_92' title="bbox 596 5429 2184 5498">
     <span class='ocr_line' id='line_1_92' title="bbox 596 5429 2184 5498; baseline -0.003 -14"><span class='ocrx_word' id='word_1_488' title='bbox 596 5429 886 5498; x_wconf 79' lang='lat' dir='ltr'><strong>rium,etc.</strong></span> <span class='ocrx_word' id='word_1_489' title='bbox 1428 5441 1476 5485; x_wconf 90' lang='lat' dir='ltr'><strong>et</strong></span> <span class='ocrx_word' id='word_1_490' title='bbox 1503 5434 1594 5484; x_wconf 87' lang='lat' dir='ltr'><strong>iste</strong></span> <span class='ocrx_word' id='word_1_491' title='bbox 1620 5430 1758 5489; x_wconf 85' lang='lat' dir='ltr'><strong>ibat,-</strong></span> <span class='ocrx_word' id='word_1_492' title='bbox 1798 5439 1844 5481; x_wconf 89' lang='lat' dir='ltr'><strong>et</strong></span> <span class='ocrx_word' id='word_1_493' title='bbox 1871 5429 1970 5480; x_wconf 88' lang='lat' dir='ltr'><strong>nisi</strong></span> <span class='ocrx_word' id='word_1_494' title='bbox 1997 5430 2184 5498; x_wconf 72' lang='lat' dir='ltr'><strong>veniret</strong></span> 
     </span>
    </p>
   </div>
   <div class='ocr_carea' id='block_1_93' title="bbox 1432 5496 2183 5557">
    <p class='ocr_par' dir='ltr' id='par_1_93' title="bbox 1432 5496 2183 5557">
     <span class='ocr_line' id='line_1_93' title="bbox 1432 5496 2183 5557; baseline -0.007 -2"><span class='ocrx_word' id='word_1_495' title='bbox 1432 5501 1521 5556; x_wconf 84' lang='lat' dir='ltr'><strong>ille</strong></span> <span class='ocrx_word' id='word_1_496' title='bbox 1541 5541 1552 5557; x_wconf 81' lang='lat'><strong>.</strong></span> <span class='ocrx_word' id='word_1_497' title='bbox 1591 5501 1682 5553; x_wconf 90' lang='lat' dir='ltr'><strong>iste</strong></span> <span class='ocrx_word' id='word_1_498' title='bbox 1709 5498 1782 5552; x_wconf 90' lang='lat' dir='ltr'><strong>ire</strong></span> <span class='ocrx_word' id='word_1_499' title='bbox 1807 5497 2024 5552; x_wconf 90' lang='lat' dir='ltr'><strong>nolebat.</strong></span> <span class='ocrx_word' id='word_1_500' title='bbox 2064 5496 2183 5551; x_wconf 85' lang='lat' dir='ltr'><strong>Jam</strong></span> 
     </span>
    </p>
   </div>
   <div class='ocr_carea' id='block_1_94' title="bbox 597 5570 2184 5639">
    <p class='ocr_par' dir='ltr' id='par_1_94' title="bbox 597 5570 2184 5639">
     <span class='ocr_line' id='line_1_94' title="bbox 597 5570 2184 5639; baseline -0.004 -11"><span class='ocrx_word' id='word_1_501' title='bbox 597 5584 828 5628; x_wconf 85' lang='lat' dir='ltr'><strong>senectus</strong></span> <span class='ocrx_word' id='word_1_502' title='bbox 855 5585 1061 5629; x_wconf 85' lang='lat' dir='ltr'><strong>matura</strong></span> <span class='ocrx_word' id='word_1_503' title='bbox 1089 5573 1407 5639; x_wconf 65' lang='lat' dir='ltr'><strong>excludebat,</strong></span> <span class='ocrx_word' id='word_1_504' title='bbox 1439 5578 1525 5626; x_wconf 85' lang='lat' dir='ltr'><strong>sed</strong></span> <span class='ocrx_word' id='word_1_505' title='bbox 1551 5572 1750 5624; x_wconf 84' lang='lat' dir='ltr'><strong>sincera</strong></span> <span class='ocrx_word' id='word_1_506' title='bbox 1789 5570 1948 5638; x_wconf 79' lang='lat' dir='ltr'><strong>pietas</strong></span> <span class='ocrx_word' id='word_1_507' title='bbox 1977 5571 2184 5622; x_wconf 82' lang='lat' dir='ltr'><strong>detine-</strong></span> 
     </span>
    </p>
   </div>
   <div class='ocr_carea' id='block_1_95' title="bbox 597 5640 2185 5710">
    <p class='ocr_par' dir='ltr' id='par_1_95' title="bbox 597 5640 2185 5710">
     <span class='ocr_line' id='line_1_95' title="bbox 597 5640 2185 5710; baseline -0.003 -13"><span class='ocrx_word' id='word_1_508' title='bbox 597 5653 700 5700; x_wconf 86' lang='lat' dir='ltr'><strong>bat.</strong></span> <span class='ocrx_word' id='word_1_509' title='bbox 738 5648 801 5700; x_wconf 83' lang='lat' dir='ltr'><strong>At</strong></span> <span class='ocrx_word' id='word_1_510' title='bbox 833 5649 915 5699; x_wconf 90' lang='lat' dir='ltr'><strong>ubi</strong></span> <span class='ocrx_word' id='word_1_511' title='bbox 961 5656 1112 5700; x_wconf 90' lang='lat' dir='ltr'><strong>natus</strong></span> <span class='ocrx_word' id='word_1_512' title='bbox 1150 5656 1225 5699; x_wconf 75' lang='lat' dir='ltr'><strong>est</strong></span> <span class='ocrx_word' id='word_1_513' title='bbox 1256 5643 1517 5707; x_wconf 84' lang='lat' dir='ltr'><strong>Christus,</strong></span> <span class='ocrx_word' id='word_1_514' title='bbox 1549 5652 1602 5694; x_wconf 92' lang='lat' dir='ltr'><strong>at</strong></span> <span class='ocrx_word' id='word_1_515' title='bbox 1646 5640 1729 5692; x_wconf 89' lang='lat' dir='ltr'><strong>ubi</strong></span> <span class='ocrx_word' id='word_1_516' title='bbox 1775 5657 1887 5694; x_wconf 90' lang='lat' dir='ltr'><strong>eum</strong></span> <span class='ocrx_word' id='word_1_517' title='bbox 1925 5648 2185 5710; x_wconf 87' lang='lat' dir='ltr'><strong>portatum</strong></span> 
     </span>
    </p>
   </div>
   <div class='ocr_carea' id='block_1_96' title="bbox 597 5713 2189 5788">
    <p class='ocr_par' dir='ltr' id='par_1_96' title="bbox 597 5713 2189 5788">
     <span class='ocr_line' id='line_1_96' title="bbox 597 5713 2189 5788; baseline -0.004 -20"><span class='ocrx_word' id='word_1_518' title='bbox 597 5719 831 5788; x_wconf 74' lang='lat' dir='ltr'><strong>inanibus</strong></span> <span class='ocrx_word' id='word_1_519' title='bbox 856 5718 1084 5779; x_wconf 74' lang='lat' dir='ltr'><strong>vidit,.et</strong></span> <span class='ocrx_word' id='word_1_520' title='bbox 1107 5717 1329 5771; x_wconf 89' lang='lat' dir='ltr'><strong>divinam</strong></span> <span class='ocrx_word' id='word_1_521' title='bbox 1355 5716 1636 5788; x_wconf 77' lang='lat' dir='ltr'><strong>infantiam</strong></span> <span class='ocrx_word' id='word_1_522' title='bbox 1663 5713 1748 5788; x_wconf 80' lang='lat' dir='ltr'><strong>pia</strong></span> <span class='ocrx_word' id='word_1_523' title='bbox 1775 5722 2002 5788; x_wconf 68' lang='lat' dir='ltr'><strong>senectus</strong></span> <span class='ocrx_word' id='word_1_524' title='bbox 2028 5727 2189 5788; x_wconf 78' lang='lat' dir='ltr'><strong>agno-</strong></span> 
     </span>
    </p>
   </div>
   <div class='ocr_carea' id='block_1_97' title="bbox 597 5781 2184 5853">
    <p class='ocr_par' dir='ltr' id='par_1_97' title="bbox 597 5781 2184 5853">
     <span class='ocr_line' id='line_1_97' title="bbox 597 5781 2184 5853; baseline -0.001 -17"><span class='ocrx_word' id='word_1_525' title='bbox 597 5787 688 5853; x_wconf 83' lang='lat' dir='ltr'><strong>vit,</strong></span> <span class='ocrx_word' id='word_1_526' title='bbox 712 5789 906 5853; x_wconf 79' lang='lat' dir='ltr'><strong>accepit</strong></span> <span class='ocrx_word' id='word_1_527' title='bbox 927 5805 1040 5841; x_wconf 88' lang='lat' dir='ltr'><strong>eum</strong></span> <span class='ocrx_word' id='word_1_528' title='bbox 1062 5791 1113 5842; x_wconf 89' lang='lat' dir='ltr'><strong>in</strong></span> <span class='ocrx_word' id='word_1_529' title='bbox 1141 5788 1372 5841; x_wconf 89' lang='lat' dir='ltr'><strong>manibus</strong></span> <span class='ocrx_word' id='word_1_530' title='bbox 1389 5781 1494 5840; x_wconf 76' lang='lat' dir='ltr'><strong>suis</strong></span> <span class='ocrx_word' id='word_1_531' title='bbox 1515 5797 1559 5840; x_wconf 92' lang='lat' dir='ltr'><strong>et</strong></span> <span class='ocrx_word' id='word_1_532' title='bbox 1584 5783 1710 5835; x_wconf 72' lang='lat' dir='ltr'><strong>dixit</strong></span> <span class='ocrx_word' id='word_1_533' title='bbox 1729 5798 1748 5836; x_wconf 92' lang='lat'><strong><em>:</em></strong></span> <span class='ocrx_word' id='word_1_534' title='bbox 1769 5781 1924 5835; x_wconf 85' lang='lat' dir='ltr'><strong>Nunc</strong></span> <span class='ocrx_word' id='word_1_535' title='bbox 1947 5781 2184 5847; x_wconf 75' lang='lat' dir='ltr'><strong>dimittis,</strong></span> 
     </span>
    </p>
   </div>
   <div class='ocr_carea' id='block_1_98' title="bbox 600 5853 2187 5926">
    <p class='ocr_par' dir='ltr' id='par_1_98' title="bbox 600 5853 2187 5926">
     <span class='ocr_line' id='line_1_98' title="bbox 600 5853 2187 5926; baseline -0.001 -18"><span class='ocrx_word' id='word_1_536' title='bbox 600 5853 840 5926; x_wconf 84' lang='lat' dir='ltr'><strong>Domine,</strong></span> <span class='ocrx_word' id='word_1_537' title='bbox 882 5874 1081 5912; x_wconf 82' lang='lat' dir='ltr'><strong>servum</strong></span> <span class='ocrx_word' id='word_1_538' title='bbox 1122 5869 1261 5912; x_wconf 88' lang='lat' dir='ltr'><strong>tuum</strong></span> <span class='ocrx_word' id='word_1_539' title='bbox 1304 5860 1356 5912; x_wconf 92' lang='lat' dir='ltr'><strong>in</strong></span> <span class='ocrx_word' id='word_1_540' title='bbox 1398 5874 1541 5926; x_wconf 87' lang='lat' dir='ltr'><strong>pace.</strong></span> <span class='ocrx_word' id='word_1_541' title='bbox 1557 5853 1851 5920; x_wconf 74' lang='lat' dir='ltr'><strong>&#39;lmpletum</strong></span> <span class='ocrx_word' id='word_1_542' title='bbox 1882 5863 1953 5926; x_wconf 78' lang='lat' dir='ltr'><strong>est</strong></span> <span class='ocrx_word' id='word_1_543' title='bbox 1983 5853 2187 5907; x_wconf 79' lang='lat' dir='ltr'><strong>deside-</strong></span> 
     </span>
    </p>
   </div>
   <div class='ocr_carea' id='block_1_99' title="bbox 599 5923 1965 5998">
    <p class='ocr_par' dir='ltr' id='par_1_99' title="bbox 599 5923 1965 5998">
     <span class='ocr_line' id='line_1_99' title="bbox 599 5923 1965 5998; baseline 0.001 -21"><span class='ocrx_word' id='word_1_544' title='bbox 599 5924 772 5992; x_wconf 85' lang='lat' dir='ltr'><strong>rium,</strong></span> <span class='ocrx_word' id='word_1_545' title='bbox 813 5936 918 5982; x_wconf 84' lang='lat' dir='ltr'><strong>etc.</strong></span> <span class='ocrx_word' id='word_1_546' title='bbox 952 5929 1068 5982; x_wconf 80' lang='lat' dir='ltr'><strong>Viti.</strong></span> <span class='ocrx_word' id='word_1_547' title='bbox 1115 5945 1278 5984; x_wconf 79' lang='lat' dir='ltr'><strong>serat.</strong></span> <span class='ocrx_word' id='word_1_548' title='bbox 1322 5923 1406 5986; x_wconf 47' lang='grc' dir='ltr'>ὃ(</span> <span class='ocrx_word' id='word_1_549' title='bbox 1431 5935 1561 5998; x_wconf 74' lang='lat' dir='ltr'><strong>Aug.</strong></span> <span class='ocrx_word' id='word_1_550' title='bbox 1596 5940 1788 5990; x_wconf 74' lang='lat' dir='ltr'><strong>culti,</strong></span> <span class='ocrx_word' id='word_1_551' title='bbox 1823 5939 1876 5977; x_wconf 79' lang='grc' dir='ltr'><strong>ιιι.</strong></span> <span class='ocrx_word' id='word_1_552' title='bbox 1910 5923 1965 5978; x_wconf 72' lang='grc'><strong>4.</strong></span> 
     </span>
    </p>
   </div>
   <div class='ocr_carea' id='block_1_100' title="bbox 1431 4643 2813 4720">
    <p class='ocr_par' dir='ltr' id='par_1_100' title="bbox 1431 4643 2813 4720">
     <span class='ocr_line' id='line_1_100' title="bbox 1431 4643 2813 4720; baseline 0.004 -22"><span class='ocrx_word' id='word_1_553' title='bbox 1431 4647 1568 4712; x_wconf 80' lang='lat' dir='ltr'><strong>Quid</strong></span> <span class='ocrx_word' id='word_1_554' title='bbox 1603 4663 1730 4720; x_wconf 15' lang='lat' dir='ltr'><strong>ergo,</strong></span> <span class='ocrx_word' id='word_1_555' title='bbox 1767 4649 1893 4702; x_wconf 67' lang='lat' dir='ltr'><strong>dixit</strong></span> <span class='ocrx_word' id='word_1_556' title='bbox 1928 4648 2188 4720; x_wconf 80' lang='lat' dir='ltr'><strong>Simeon?</strong></span> <span class='ocrx_word' id='word_1_557' title='bbox 2219 4686 2269 4720; x_wconf 70' lang='grc' dir='ltr'><strong>η</strong></span> <span class='ocrx_word' id='word_1_558' title='bbox 2293 4643 2774 4720; x_wconf 14' lang='grc' dir='ltr'><strong>ηαιςιιεῂηιμυοηζὶηὲ</strong></span> <span class='ocrx_word' id='word_1_559' title='bbox 2797 4685 2813 4710; x_wconf 89' lang='grc'><em>,</em></span> 
     </span>
    </p>
   </div>
   <div class='ocr_carea' id='block_1_101' title="bbox 2219 4686 2269 4745">
    <p class='ocr_par' dir='ltr' id='par_1_101' title="bbox 2219 4686 2269 4745">
     <span class='ocr_line' id='line_1_101' title="bbox 2219 4686 2269 4745; baseline 0 0"><span class='ocrx_word' id='word_1_560' title='bbox 2219 4686 2269 4745; x_wconf 90' lang='lat' dir='ltr'><strong>D</strong></span> 
     </span>
    </p>
   </div>
   <div class='ocr_carea' id='block_1_102' title="bbox 2309 2019 3065 2088">
    <p class='ocr_par' dir='ltr' id='par_1_102' title="bbox 2309 2019 3065 2088">
     <span class='ocr_line' id='line_1_102' title="bbox 2309 2019 3065 2088; baseline 0.005 -18"><span class='ocrx_word' id='word_1_561' title='bbox 2309 2019 2495 2088; x_wconf 87' lang='lat' dir='ltr'><strong>templo</strong></span> <span class='ocrx_word' id='word_1_562' title='bbox 2549 2036 2675 2087; x_wconf 89' lang='lat' dir='ltr'><strong>puer</strong></span> <span class='ocrx_word' id='word_1_563' title='bbox 2730 2021 2962 2076; x_wconf 87' lang='lat' dir='ltr'><strong>Christus</strong></span> <span class='ocrx_word' id='word_1_564' title='bbox 3033 2039 3065 2074; x_wconf 91' lang='lat' dir='ltr'><strong>a</strong></span> 
     </span>
    </p>
   </div>
   <div class='ocr_carea' id='block_1_103' title="bbox 2307 2089 3066 2162">
    <p class='ocr_par' dir='ltr' id='par_1_103' title="bbox 2307 2089 3066 2162">
     <span class='ocr_line' id='line_1_103' title="bbox 2307 2089 3066 2162; baseline 0.003 -19"><span class='ocrx_word' id='word_1_565' title='bbox 2307 2089 2718 2162; x_wconf 83' lang='lat' dir='ltr'><strong>seneSimeone;</strong></span> <span class='ocrx_word' id='word_1_566' title='bbox 2746 2101 2970 2162; x_wconf 83' lang='lat' dir='ltr'><strong>gestatus</strong></span> <span class='ocrx_word' id='word_1_567' title='bbox 2992 2104 3066 2147; x_wconf 89' lang='lat' dir='ltr'><strong>est</strong></span> 
     </span>
    </p>
   </div>
   <div class='ocr_carea' id='block_1_104' title="bbox 2305 2161 2666 2225">
    <p class='ocr_par' dir='ltr' id='par_1_104' title="bbox 2305 2161 2666 2225">
     <span class='ocr_line' id='line_1_104' title="bbox 2305 2161 2666 2225; baseline 0.006 -13"><span class='ocrx_word' id='word_1_568' title='bbox 2305 2161 2361 2214; x_wconf 91' lang='lat' dir='ltr'><strong>in</strong></span> <span class='ocrx_word' id='word_1_569' title='bbox 2388 2161 2540 2225; x_wconf 84' lang='lat' dir='ltr'><strong>ulnis,</strong></span> <span class='ocrx_word' id='word_1_570' title='bbox 2567 2172 2666 2216; x_wconf 90' lang='lat' dir='ltr'><strong>etc.</strong></span> 
     </span>
    </p>
   </div>
   <div class='ocr_carea' id='block_1_105' title="bbox 2378 2230 3062 2303">
    <p class='ocr_par' dir='ltr' id='par_1_105' title="bbox 2378 2230 3062 2303">
     <span class='ocr_line' id='line_1_105' title="bbox 2378 2230 3062 2303; baseline 0.006 -19"><span class='ocrx_word' id='word_1_571' title='bbox 2378 2231 2511 2286; x_wconf 86' lang='lat' dir='ltr'><strong>Ibid.</strong></span> <span class='ocrx_word' id='word_1_572' title='bbox 2556 2230 2620 2285; x_wconf 92' lang='lat' dir='ltr'><strong>In</strong></span> <span class='ocrx_word' id='word_1_573' title='bbox 2643 2233 2927 2288; x_wconf 87' lang='lat' dir='ltr'><strong>verberibus</strong></span> <span class='ocrx_word' id='word_1_574' title='bbox 2953 2234 3062 2303; x_wconf 82' lang='lat' dir='ltr'><strong>pul-</strong></span> 
     </span>
    </p>
   </div>
   <div class='ocr_carea' id='block_1_106' title="bbox 2306 2302 2974 2365">
    <p class='ocr_par' dir='ltr' id='par_1_106' title="bbox 2306 2302 2974 2365">
     <span class='ocr_line' id='line_1_106' title="bbox 2306 2302 2974 2365; baseline 0.006 -11"><span class='ocrx_word' id='word_1_575' title='bbox 2306 2302 2466 2365; x_wconf 80' lang='lat' dir='ltr'><strong>cher;</strong></span> <span class='ocrx_word' id='word_1_576' title='bbox 2498 2319 2600 2357; x_wconf 88' lang='lat' dir='ltr'><strong>non</strong></span> <span class='ocrx_word' id='word_1_577' title='bbox 2625 2320 2834 2362; x_wconf 88' lang='lat' dir='ltr'><strong>curans.</strong></span> <span class='ocrx_word' id='word_1_578' title='bbox 2869 2302 2974 2360; x_wconf 86' lang='lat' dir='ltr'><strong>etc.</strong></span> 
     </span>
    </p>
   </div>
   <div class='ocr_carea' id='block_1_107' title="bbox 2380 2372 3061 2445">
    <p class='ocr_par' dir='ltr' id='par_1_107' title="bbox 2380 2372 3061 2445">
     <span class='ocr_line' id='line_1_107' title="bbox 2380 2372 3061 2445; baseline 0.007 -20"><span class='ocrx_word' id='word_1_579' title='bbox 2380 2372 2513 2427; x_wconf 88' lang='lat' dir='ltr'><strong>Ibid.</strong></span> <span class='ocrx_word' id='word_1_580' title='bbox 2591 2376 2846 2445; x_wconf 81' lang='lat' dir='ltr'><strong>Aspiravit</strong></span> <span class='ocrx_word' id='word_1_581' title='bbox 2908 2377 3061 2440; x_wconf 88' lang='lat' dir='ltr'><strong>dies,</strong></span> 
     </span>
    </p>
   </div>
   <div class='ocr_carea' id='block_1_108' title="bbox 2305 2442 2936 2512">
    <p class='ocr_par' dir='ltr' id='par_1_108' title="bbox 2305 2442 2936 2512">
     <span class='ocr_line' id='line_1_108' title="bbox 2305 2442 2936 2512; baseline 0.011 -17"><span class='ocrx_word' id='word_1_582' title='bbox 2305 2442 2547 2512; x_wconf 78' lang='lat' dir='ltr'><strong>effugata:</strong></span> <span class='ocrx_word' id='word_1_583' title='bbox 2573 2442 2692 2499; x_wconf 81' lang='lat' dir='ltr'><strong>sunt</strong></span> <span class='ocrx_word' id='word_1_584' title='bbox 2723 2445 2936 2501; x_wconf 65' lang='lat' dir='ltr'><strong>umbra.</strong></span> 
     </span>
    </p>
   </div>
   <div class='ocr_carea' id='block_1_109' title="bbox 2375 2513 3060 2586">
    <p class='ocr_par' dir='ltr' id='par_1_109' title="bbox 2375 2513 3060 2586">
     <span class='ocr_line' id='line_1_109' title="bbox 2375 2513 3060 2586; baseline 0.004 -18"><span class='ocrx_word' id='word_1_585' title='bbox 2375 2513 2438 2568; x_wconf 87' lang='grc' dir='ltr'><strong>Ν.</strong></span> <span class='ocrx_word' id='word_1_586' title='bbox 2511 2516 2564 2572; x_wconf 85' lang='grc'><strong>6.</strong></span> <span class='ocrx_word' id='word_1_587' title='bbox 2633 2517 2695 2570; x_wconf 89' lang='lat' dir='ltr'><strong>Si</strong></span> <span class='ocrx_word' id='word_1_588' title='bbox 2747 2517 3060 2586; x_wconf 71' lang='lat' dir='ltr'><strong>expavescis,</strong></span> 
     </span>
    </p>
   </div>
   <div class='ocr_carea' id='block_1_110' title="bbox 2303 2587 2986 2656">
    <p class='ocr_par' dir='ltr' id='par_1_110' title="bbox 2303 2587 2986 2656">
     <span class='ocr_line' id='line_1_110' title="bbox 2303 2587 2986 2656; baseline 0.006 -19"><span class='ocrx_word' id='word_1_589' title='bbox 2303 2587 2532 2656; x_wconf 84' lang='lat' dir='ltr'><strong>quisquis</strong></span> <span class='ocrx_word' id='word_1_590' title='bbox 2551 2604 2603 2641; x_wconf 89' lang='lat' dir='ltr'><strong>es</strong></span> <span class='ocrx_word' id='word_1_591' title='bbox 2631 2589 2860 2654; x_wconf 87' lang='lat' dir='ltr'><strong>auditor,</strong></span> <span class='ocrx_word' id='word_1_592' title='bbox 2880 2598 2986 2644; x_wconf 85' lang='lat' dir='ltr'><strong>etc.</strong></span> 
     </span>
    </p>
   </div>
   <div class='ocr_carea' id='block_1_111' title="bbox 2377 2657 3062 2715">
    <p class='ocr_par' dir='ltr' id='par_1_111' title="bbox 2377 2657 3062 2715">
     <span class='ocr_line' id='line_1_111' title="bbox 2377 2657 3062 2715; baseline 0.004 -6"><span class='ocrx_word' id='word_1_593' title='bbox 2377 2657 2440 2711; x_wconf 85' lang='lat' dir='ltr'><strong>N.</strong></span> <span class='ocrx_word' id='word_1_594' title='bbox 2517 2659 2570 2715; x_wconf 93' lang='lat'><strong>7.</strong></span> <span class='ocrx_word' id='word_1_595' title='bbox 2650 2658 2936 2714; x_wconf 85' lang='lat' dir='ltr'><strong>Nuntiatus</strong></span> <span class='ocrx_word' id='word_1_596' title='bbox 2987 2667 3062 2714; x_wconf 90' lang='lat' dir='ltr'><strong>est</strong></span> 
     </span>
    </p>
   </div>
   <div class='ocr_carea' id='block_1_112' title="bbox 2304 2726 2516 2783">
    <p class='ocr_par' dir='ltr' id='par_1_112' title="bbox 2304 2726 2516 2783">
     <span class='ocr_line' id='line_1_112' title="bbox 2304 2726 2516 2783; baseline 0.019 -4"><span class='ocrx_word' id='word_1_597' title='bbox 2304 2726 2516 2783; x_wconf 70' lang='lat' dir='ltr'><strong>Elissac.</strong></span> 
     </span>
    </p>
   </div>
   <div class='ocr_carea' id='block_1_113' title="bbox 2374 2799 2839 2855">
    <p class='ocr_par' dir='ltr' id='par_1_113' title="bbox 2374 2799 2839 2855">
     <span class='ocr_line' id='line_1_113' title="bbox 2374 2799 2839 2855; baseline 0.002 -2"><span class='ocrx_word' id='word_1_598' title='bbox 2374 2799 2507 2854; x_wconf 90' lang='lat' dir='ltr'><strong>Ibid.</strong></span> <span class='ocrx_word' id='word_1_599' title='bbox 2549 2799 2618 2853; x_wconf 89' lang='lat' dir='ltr'><strong>Et</strong></span> <span class='ocrx_word' id='word_1_600' title='bbox 2642 2803 2716 2855; x_wconf 88' lang='lat' dir='ltr'><strong>ait</strong></span> <span class='ocrx_word' id='word_1_601' title='bbox 2741 2802 2839 2854; x_wconf 90' lang='lat' dir='ltr'><strong>illi.</strong></span> 
     </span>
    </p>
   </div>
   <div class='ocr_carea' id='block_1_114' title="bbox 2373 2869 3056 2928">
    <p class='ocr_par' dir='ltr' id='par_1_114' title="bbox 2373 2869 3056 2928">
     <span class='ocr_line' id='line_1_114' title="bbox 2373 2869 3056 2928; baseline 0.006 -4"><span class='ocrx_word' id='word_1_602' title='bbox 2373 2869 2502 2925; x_wconf 90' lang='lat' dir='ltr'><strong>Ibid.</strong></span> <span class='ocrx_word' id='word_1_603' title='bbox 2555 2870 2735 2927; x_wconf 82' lang='lat' dir='ltr'><strong>Vivere</strong></span> <span class='ocrx_word' id='word_1_604' title='bbox 2759 2873 2813 2925; x_wconf 92' lang='lat' dir='ltr'><strong>in</strong></span> <span class='ocrx_word' id='word_1_605' title='bbox 2836 2872 2928 2928; x_wconf 89' lang='lat' dir='ltr'><strong>illa</strong></span> <span class='ocrx_word' id='word_1_606' title='bbox 2958 2889 3056 2928; x_wconf 88' lang='lat' dir='ltr'><strong>non</strong></span> 
     </span>
    </p>
   </div>
   <div class='ocr_carea' id='block_1_115' title="bbox 2301 2952 2596 3012">
    <p class='ocr_par' dir='ltr' id='par_1_115' title="bbox 2301 2952 2596 3012">
     <span class='ocr_line' id='line_1_115' title="bbox 2301 2952 2596 3012; baseline 0.007 -17"><span class='ocrx_word' id='word_1_607' title='bbox 2301 2952 2596 3012; x_wconf 84' lang='lat' dir='ltr'><strong>potuerunt.</strong></span> 
     </span>
    </p>
   </div>
   <div class='ocr_carea' id='block_1_116' title="bbox 2377 3013 3061 3085">
    <p class='ocr_par' dir='ltr' id='par_1_116' title="bbox 2377 3013 3061 3085">
     <span class='ocr_line' id='line_1_116' title="bbox 2377 3013 3061 3085; baseline 0.007 -20"><span class='ocrx_word' id='word_1_608' title='bbox 2377 3013 2508 3068; x_wconf 88' lang='lat' dir='ltr'><strong>Ibid.</strong></span> <span class='ocrx_word' id='word_1_609' title='bbox 2549 3015 2687 3068; x_wconf 79' lang='lat' dir='ltr'><strong>Audi</strong></span> <span class='ocrx_word' id='word_1_610' title='bbox 2713 3017 2872 3085; x_wconf 83' lang='lat' dir='ltr'><strong>legem</strong></span> <span class='ocrx_word' id='word_1_611' title='bbox 2893 3023 3061 3070; x_wconf 75' lang='lat' dir='ltr'><strong>mta-</strong></span> 
     </span>
    </p>
   </div>
   <div class='ocr_carea' id='block_1_117' title="bbox 2302 3086 3060 3150">
    <p class='ocr_par' dir='ltr' id='par_1_117' title="bbox 2302 3086 3060 3150">
     <span class='ocr_line' id='line_1_117' title="bbox 2302 3086 3060 3150; baseline 0.007 -14"><span class='ocrx_word' id='word_1_612' title='bbox 2302 3093 2426 3146; x_wconf 90' lang='lat' dir='ltr'><strong>tam,</strong></span> <span class='ocrx_word' id='word_1_613' title='bbox 2453 3086 2499 3138; x_wconf 89' lang='lat' dir='ltr'><strong>si</strong></span> <span class='ocrx_word' id='word_1_614' title='bbox 2523 3101 2596 3138; x_wconf 79' lang='lat' dir='ltr'><strong>vis</strong></span> <span class='ocrx_word' id='word_1_615' title='bbox 2616 3088 2842 3150; x_wconf 87' lang='lat' dir='ltr'><strong>mutari;</strong></span> <span class='ocrx_word' id='word_1_616' title='bbox 2888 3090 2934 3139; x_wconf 89' lang='lat' dir='ltr'><strong>si</strong></span> <span class='ocrx_word' id='word_1_617' title='bbox 2960 3103 3060 3141; x_wconf 90' lang='lat' dir='ltr'><strong>non</strong></span> 
     </span>
    </p>
   </div>
   <div class='ocr_carea' id='block_1_118' title="bbox 2299 3156 3057 3223">
    <p class='ocr_par' dir='ltr' id='par_1_118' title="bbox 2299 3156 3057 3223">
     <span class='ocr_line' id='line_1_118' title="bbox 2299 3156 3057 3223; baseline 0.008 -16"><span class='ocrx_word' id='word_1_618' title='bbox 2299 3156 2373 3207; x_wconf 91' lang='lat' dir='ltr'><strong>vis</strong></span> <span class='ocrx_word' id='word_1_619' title='bbox 2426 3158 2639 3221; x_wconf 86' lang='lat' dir='ltr'><strong>mutari,</strong></span> <span class='ocrx_word' id='word_1_620' title='bbox 2695 3159 2748 3211; x_wconf 91' lang='lat' dir='ltr'><strong>in</strong></span> <span class='ocrx_word' id='word_1_621' title='bbox 2795 3169 3057 3223; x_wconf 87' lang='lat' dir='ltr'><strong>vetustate,</strong></span> 
     </span>
    </p>
   </div>
   <div class='ocr_carea' id='block_1_119' title="bbox 2297 3235 2402 3280">
    <p class='ocr_par' dir='ltr' id='par_1_119' title="bbox 2297 3235 2402 3280">
     <span class='ocr_line' id='line_1_119' title="bbox 2297 3235 2402 3280; baseline 0.01 -1"><span class='ocrx_word' id='word_1_622' title='bbox 2297 3235 2402 3280; x_wconf 72' lang='lat' dir='ltr'><strong>CIC.</strong></span> 
     </span>
    </p>
   </div>
   <div class='ocr_carea' id='block_1_120' title="bbox 1431 3295 3058 3372">
    <p class='ocr_par' dir='ltr' id='par_1_120' title="bbox 1431 3295 3058 3372">
     <span class='ocr_line' id='line_1_120' title="bbox 1431 3295 3058 3372; baseline 0.004 -20"><span class='ocrx_word' id='word_1_623' title='bbox 1431 3302 1539 3372; x_wconf 88' lang='lat' dir='ltr'><strong>gini</strong></span> <span class='ocrx_word' id='word_1_624' title='bbox 1570 3301 1752 3356; x_wconf 81' lang='lat' dir='ltr'><strong>Maria:</strong></span> <span class='ocrx_word' id='word_1_625' title='bbox 1792 3308 1940 3356; x_wconf 88' lang='lat' dir='ltr'><strong>matri</strong></span> <span class='ocrx_word' id='word_1_626' title='bbox 1986 3302 2192 3358; x_wconf 71' lang='lat' dir='ltr'><strong>Domini</strong></span> <span class='ocrx_word' id='word_1_627' title='bbox 2221 3300 2268 3363; x_wconf 86' lang='lat' dir='ltr'><strong>C</strong></span> <span class='ocrx_word' id='word_1_628' title='bbox 2315 3351 2335 3372; x_wconf 25' lang='grc' dir='ltr'><strong><em>ὲ</em></strong></span> <span class='ocrx_word' id='word_1_629' title='bbox 2369 3297 2516 3372; x_wconf 46' lang='lat' dir='ltr'><strong>Ibid:</strong></span> <span class='ocrx_word' id='word_1_630' title='bbox 2545 3295 2705 3372; x_wconf 66' lang='grc' dir='ltr'><strong>Ραιεν</strong></span> <span class='ocrx_word' id='word_1_631' title='bbox 2733 3308 2851 3354; x_wconf 72' lang='lat' dir='ltr'><strong>lum</strong></span> <span class='ocrx_word' id='word_1_632' title='bbox 2891 3303 3058 3372; x_wconf 77' lang='lat' dir='ltr'><strong>cruci-</strong></span> 
     </span>
    </p>
   </div>
   <div class='ocr_carea' id='block_1_121' title="bbox 2297 3366 3050 3437">
    <p class='ocr_par' dir='ltr' id='par_1_121' title="bbox 2297 3366 3050 3437">
     <span class='ocr_line' id='line_1_121' title="bbox 2297 3366 3050 3437; baseline 0.008 -17"><span class='ocrx_word' id='word_1_633' title='bbox 2297 3367 2413 3436; x_wconf 78' lang='lat' dir='ltr'><strong>ﬁxit</strong></span> <span class='ocrx_word' id='word_1_634' title='bbox 2458 3366 2738 3437; x_wconf 87' lang='lat' dir='ltr'><strong>Christum,</strong></span> <span class='ocrx_word' id='word_1_635' title='bbox 2785 3381 2840 3423; x_wconf 89' lang='lat' dir='ltr'><strong>tu</strong></span> <span class='ocrx_word' id='word_1_636' title='bbox 2876 3371 3050 3426; x_wconf 87' lang='lat' dir='ltr'><strong>odisti.</strong></span> 
     </span>
    </p>
   </div>
   <div class='ocr_carea' id='block_1_122' title="bbox 2370 3439 3052 3512">
    <p class='ocr_par' dir='ltr' id='par_1_122' title="bbox 2370 3439 3052 3512">
     <span class='ocr_line' id='line_1_122' title="bbox 2370 3439 3052 3512; baseline 0.009 -20"><span class='ocrx_word' id='word_1_637' title='bbox 2370 3439 2500 3492; x_wconf 92' lang='lat' dir='ltr'><strong>Ibid.</strong></span> <span class='ocrx_word' id='word_1_638' title='bbox 2547 3441 2740 3494; x_wconf 77' lang='lat' dir='ltr'><strong>Audire</strong></span> <span class='ocrx_word' id='word_1_639' title='bbox 2777 3445 3052 3512; x_wconf 76' lang='lat' dir='ltr'><strong>expectatis</strong></span> 
     </span>
    </p>
   </div>
   <div class='ocr_carea' id='block_1_123' title="bbox 2293 3512 2836 3578">
    <p class='ocr_par' dir='ltr' id='par_1_123' title="bbox 2293 3512 2836 3578">
     <span class='ocr_line' id='line_1_123' title="bbox 2293 3512 2836 3578; baseline 0 -15"><span class='ocrx_word' id='word_1_640' title='bbox 2293 3525 2326 3563; x_wconf 82' lang='grc' dir='ltr'><em>α</em></span> <span class='ocrx_word' id='word_1_641' title='bbox 2355 3526 2435 3564; x_wconf 89' lang='lat' dir='ltr'><strong>me</strong></span> <span class='ocrx_word' id='word_1_642' title='bbox 2463 3526 2482 3564; x_wconf 86' lang='lat'><strong>.&#39;</strong></span> <span class='ocrx_word' id='word_1_643' title='bbox 2509 3512 2701 3578; x_wconf 88' lang='lat' dir='ltr'><strong>audite,</strong></span> <span class='ocrx_word' id='word_1_644' title='bbox 2731 3521 2836 3567; x_wconf 89' lang='lat' dir='ltr'><strong>etc.</strong></span> 
     </span>
    </p>
   </div>
   <div class='ocr_carea' id='block_1_124' title="bbox 2369 3581 3052 3656">
    <p class='ocr_par' dir='ltr' id='par_1_124' title="bbox 2369 3581 3052 3656">
     <span class='ocr_line' id='line_1_124' title="bbox 2369 3581 3052 3656; baseline 0.007 -22"><span class='ocrx_word' id='word_1_645' title='bbox 2369 3581 2506 3656; x_wconf 48' lang='lat' dir='ltr'><strong>Ibid:</strong></span> <span class='ocrx_word' id='word_1_646' title='bbox 2549 3581 2685 3656; x_wconf 59' lang='lat' dir='ltr'><strong>Deus</strong></span> <span class='ocrx_word' id='word_1_647' title='bbox 2707 3587 2913 3638; x_wconf 85' lang='lat' dir='ltr'><strong>donavit</strong></span> <span class='ocrx_word' id='word_1_648' title='bbox 2934 3601 3052 3656; x_wconf 86' lang='lat' dir='ltr'><strong>gra-</strong></span> 
     </span>
    </p>
   </div>
   <div class='ocr_carea' id='block_1_125' title="bbox 2295 3652 2802 3716">
    <p class='ocr_par' dir='ltr' id='par_1_125' title="bbox 2295 3652 2802 3716">
     <span class='ocr_line' id='line_1_125' title="bbox 2295 3652 2802 3716; baseline 0.012 -13"><span class='ocrx_word' id='word_1_649' title='bbox 2295 3652 2440 3705; x_wconf 88' lang='lat' dir='ltr'><strong>tiam.</strong></span> <span class='ocrx_word' id='word_1_650' title='bbox 2466 3652 2669 3716; x_wconf 86' lang='lat' dir='ltr'><strong>Cratia,</strong></span> <span class='ocrx_word' id='word_1_651' title='bbox 2697 3663 2802 3708; x_wconf 88' lang='lat' dir='ltr'><strong>etc.</strong></span> 
     </span>
    </p>
   </div>
   <div class='ocr_carea' id='block_1_126' title="bbox 2366 3722 3052 3798">
    <p class='ocr_par' dir='ltr' id='par_1_126' title="bbox 2366 3722 3052 3798">
     <span class='ocr_line' id='line_1_126' title="bbox 2366 3722 3052 3798; baseline 0.009 -23"><span class='ocrx_word' id='word_1_652' title='bbox 2366 3722 2497 3798; x_wconf 82' lang='lat' dir='ltr'><strong>Ibid.</strong></span> <span class='ocrx_word' id='word_1_653' title='bbox 2546 3723 2798 3788; x_wconf 68' lang='lat' dir='ltr'><strong>Reddita;</strong></span> <span class='ocrx_word' id='word_1_654' title='bbox 2820 3726 2943 3796; x_wconf 87' lang='lat' dir='ltr'><strong>quia</strong></span> <span class='ocrx_word' id='word_1_655' title='bbox 2961 3728 3052 3798; x_wconf 88' lang='lat' dir='ltr'><strong>qui</strong></span> 
     </span>
    </p>
   </div>
   <div class='ocr_carea' id='block_1_127' title="bbox 2293 3795 2692 3855">
    <p class='ocr_par' dir='ltr' id='par_1_127' title="bbox 2293 3795 2692 3855">
     <span class='ocr_line' id='line_1_127' title="bbox 2293 3795 2692 3855; baseline 0.01 -11"><span class='ocrx_word' id='word_1_656' title='bbox 2293 3795 2500 3855; x_wconf 87' lang='lat' dir='ltr'><strong>creavit,</strong></span> <span class='ocrx_word' id='word_1_657' title='bbox 2523 3807 2692 3849; x_wconf 88' lang='lat' dir='ltr'><strong>sanat.</strong></span> 
     </span>
    </p>
   </div>
   <div class='ocr_carea' id='block_1_128' title="bbox 2365 3865 3057 3937">
    <p class='ocr_par' dir='ltr' id='par_1_128' title="bbox 2365 3865 3057 3937">
     <span class='ocr_line' id='line_1_128' title="bbox 2365 3865 3057 3937; baseline 0.003 -20"><span class='ocrx_word' id='word_1_658' title='bbox 2365 3865 2499 3918; x_wconf 89' lang='lat' dir='ltr'><strong>Ibid.</strong></span> <span class='ocrx_word' id='word_1_659' title='bbox 2569 3866 2694 3919; x_wconf 77' lang='lat' dir='ltr'><strong>[luit</strong></span> <span class='ocrx_word' id='word_1_660' title='bbox 2742 3867 2866 3933; x_wconf 87' lang='lat' dir='ltr'><strong>ille,</strong></span> <span class='ocrx_word' id='word_1_661' title='bbox 2935 3868 3057 3937; x_wconf 88' lang='lat' dir='ltr'><strong>quia</strong></span> 
     </span>
    </p>
   </div>
   <div class='ocr_carea' id='block_1_129' title="bbox 2294 3936 2822 3994">
    <p class='ocr_par' dir='ltr' id='par_1_129' title="bbox 2294 3936 2822 3994">
     <span class='ocr_line' id='line_1_129' title="bbox 2294 3936 2822 3994; baseline 0.015 -8"><span class='ocrx_word' id='word_1_662' title='bbox 2294 3936 2486 3988; x_wconf 89' lang='lat' dir='ltr'><strong>dimisit</strong></span> <span class='ocrx_word' id='word_1_663' title='bbox 2513 3947 2822 3994; x_wconf 86' lang='lat' dir='ltr'><strong>manentem.</strong></span> 
     </span>
    </p>
   </div>
   <div class='ocr_carea' id='block_1_130' title="bbox 2364 4006 3050 4080">
    <p class='ocr_par' dir='ltr' id='par_1_130' title="bbox 2364 4006 3050 4080">
     <span class='ocr_line' id='line_1_130' title="bbox 2364 4006 3050 4080; baseline 0.01 -23"><span class='ocrx_word' id='word_1_664' title='bbox 2364 4007 2494 4060; x_wconf 91' lang='lat' dir='ltr'><strong>Ibid.</strong></span> <span class='ocrx_word' id='word_1_665' title='bbox 2543 4006 2816 4064; x_wconf 86' lang='lat' dir='ltr'><strong>Descendit</strong></span> <span class='ocrx_word' id='word_1_666' title='bbox 2860 4009 2930 4062; x_wconf 85' lang='lat' dir='ltr'><strong>ad</strong></span> <span class='ocrx_word' id='word_1_667' title='bbox 2938 4011 2944 4041; x_wconf 84' lang='grc'>¹</span> <span class='ocrx_word' id='word_1_668' title='bbox 2960 4009 3050 4080; x_wconf 84' lang='lat' dir='ltr'><strong>ja-</strong></span> 
     </span>
    </p>
   </div>
   <div class='ocr_carea' id='block_1_131' title="bbox 2292 4085 2504 4130">
    <p class='ocr_par' dir='ltr' id='par_1_131' title="bbox 2292 4085 2504 4130">
     <span class='ocr_line' id='line_1_131' title="bbox 2292 4085 2504 4130; baseline 0.014 -3"><span class='ocrx_word' id='word_1_669' title='bbox 2292 4085 2504 4130; x_wconf 76' lang='lat' dir='ltr'><strong>centeni.</strong></span> 
     </span>
    </p>
   </div>
   <div class='ocr_carea' id='block_1_132' title="bbox 3781 405 3890 470">
    <p class='ocr_par' dir='ltr' id='par_1_132' title="bbox 3781 405 3890 470">
     <span class='ocr_line' id='line_1_132' title="bbox 3781 405 3890 470; baseline 0.073 -8"><span class='ocrx_word' id='word_1_670' title='bbox 3781 405 3890 470; x_wconf 65' lang='grc'><strong>123</strong></span> 
     </span>
    </p>
   </div>
   <div class='ocr_carea' id='block_1_133' title="bbox 3207 515 3893 595">
    <p class='ocr_par' dir='ltr' id='par_1_133' title="bbox 3207 515 3893 595">
     <span class='ocr_line' id='line_1_133' title="bbox 3207 515 3893 595; baseline 0.022 -21"><span class='ocrx_word' id='word_1_671' title='bbox 3207 518 3288 579; x_wconf 86' lang='lat' dir='ltr'><strong>Id.</strong></span> <span class='ocrx_word' id='word_1_672' title='bbox 3314 515 3457 578; x_wconf 89' lang='lat' dir='ltr'><strong>Cod.</strong></span> <span class='ocrx_word' id='word_1_673' title='bbox 3484 539 3582 580; x_wconf 78' lang='lat' dir='ltr'><strong>xv.</strong></span> <span class='ocrx_word' id='word_1_674' title='bbox 3604 523 3893 595; x_wconf 66' lang='lat' dir='ltr'><strong>[psellu-</strong></span> 
     </span>
    </p>
   </div>
   <div class='ocr_carea' id='block_1_134' title="bbox 3127 607 3444 648">
    <p class='ocr_par' dir='ltr' id='par_1_134' title="bbox 3127 607 3444 648">
     <span class='ocr_line' id='line_1_134' title="bbox 3127 607 3444 648; baseline 0.003 -1"><span class='ocrx_word' id='word_1_675' title='bbox 3127 609 3248 647; x_wconf 84' lang='lat' dir='ltr'><strong>nem</strong></span> <span class='ocrx_word' id='word_1_676' title='bbox 3279 607 3444 648; x_wconf 77' lang='lat' dir='ltr'><strong>venit.</strong></span> 
     </span>
    </p>
   </div>
   <div class='ocr_carea' id='block_1_135' title="bbox 3189 667 3892 748">
    <p class='ocr_par' dir='ltr' id='par_1_135' title="bbox 3189 667 3892 748">
     <span class='ocr_line' id='line_1_135' title="bbox 3189 667 3892 748; baseline 0.01 -28"><span class='ocrx_word' id='word_1_677' title='bbox 3189 667 3286 748; x_wconf 77' lang='lat' dir='ltr'><strong>_ld.</strong></span> <span class='ocrx_word' id='word_1_678' title='bbox 3334 667 3571 748; x_wconf 72' lang='lat' dir='ltr'><strong>Servum</strong></span> <span class='ocrx_word' id='word_1_679' title='bbox 3601 680 3764 739; x_wconf 68' lang='lat' dir='ltr'><strong>(IIII,</strong></span> <span class='ocrx_word' id='word_1_680' title='bbox 3796 674 3892 732; x_wconf 71' lang='lat' dir='ltr'><strong>Ds.</strong></span> 
     </span>
    </p>
   </div>
   <div class='ocr_carea' id='block_1_136' title="bbox 3128 741 3576 807">
    <p class='ocr_par' dir='ltr' id='par_1_136' title="bbox 3128 741 3576 807">
     <span class='ocr_line' id='line_1_136' title="bbox 3128 741 3576 807; baseline 0.007 -17"><span class='ocrx_word' id='word_1_681' title='bbox 3128 741 3268 790; x_wconf 87' lang='lat' dir='ltr'><strong>mine</strong></span> <span class='ocrx_word' id='word_1_682' title='bbox 3281 778 3298 804; x_wconf 93' lang='lat'><strong>,</strong></span> <span class='ocrx_word' id='word_1_683' title='bbox 3333 741 3392 790; x_wconf 83' lang='lat' dir='ltr'><strong>in</strong></span> <span class='ocrx_word' id='word_1_684' title='bbox 3419 757 3576 807; x_wconf 77' lang='lat' dir='ltr'><strong>pace.</strong></span> 
     </span>
    </p>
   </div>
   <div class='ocr_carea' id='block_1_137' title="bbox 3198 807 3889 875">
    <p class='ocr_par' dir='ltr' id='par_1_137' title="bbox 3198 807 3889 875">
     <span class='ocr_line' id='line_1_137' title="bbox 3198 807 3889 875; baseline 0.017 -13"><span class='ocrx_word' id='word_1_685' title='bbox 3198 807 3282 862; x_wconf 86' lang='lat' dir='ltr'><strong>Id.</strong></span> <span class='ocrx_word' id='word_1_686' title='bbox 3312 810 3446 865; x_wconf 78' lang='lat' dir='ltr'><strong>Post</strong></span> <span class='ocrx_word' id='word_1_687' title='bbox 3484 814 3727 870; x_wconf 79' lang='lat' dir='ltr'><strong>salutare</strong></span> <span class='ocrx_word' id='word_1_688' title='bbox 3767 827 3889 875; x_wconf 67' lang='lat' dir='ltr'><strong>tunc</strong></span> 
     </span>
    </p>
   </div>
   <div class='ocr_carea' id='block_1_138' title="bbox 3131 880 3888 956">
    <p class='ocr_par' dir='ltr' id='par_1_138' title="bbox 3131 880 3888 956">
     <span class='ocr_line' id='line_1_138' title="bbox 3131 880 3888 956; baseline 0.009 -22"><span class='ocrx_word' id='word_1_689' title='bbox 3131 880 3335 934; x_wconf 77' lang='lat' dir='ltr'><strong>Dtnittit</strong></span> <span class='ocrx_word' id='word_1_690' title='bbox 3353 881 3606 952; x_wconf 83' lang='lat' dir='ltr'><strong>phrasitn</strong></span> <span class='ocrx_word' id='word_1_691' title='bbox 3629 889 3888 956; x_wconf 69' lang='lat' dir='ltr'><strong>propheta,</strong></span> 
     </span>
    </p>
   </div>
   <div class='ocr_carea' id='block_1_139' title="bbox 3130 958 3885 1029">
    <p class='ocr_par' dir='ltr' id='par_1_139' title="bbox 3130 958 3885 1029">
     <span class='ocr_line' id='line_1_139' title="bbox 3130 958 3885 1029; baseline 0.015 -23"><span class='ocrx_word' id='word_1_692' title='bbox 3130 963 3260 1016; x_wconf 91' lang='lat' dir='ltr'><strong>etc.,</strong></span> <span class='ocrx_word' id='word_1_693' title='bbox 3296 969 3476 1023; x_wconf 86' lang='lat' dir='ltr'><strong>usque</strong></span> <span class='ocrx_word' id='word_1_694' title='bbox 3505 958 3579 1010; x_wconf 84' lang='lat' dir='ltr'><strong>ad</strong></span> <span class='ocrx_word' id='word_1_695' title='bbox 3607 959 3720 1012; x_wconf 70' lang='lat' dir='ltr'><strong>hare</strong></span> <span class='ocrx_word' id='word_1_696' title='bbox 3753 974 3885 1029; x_wconf 80' lang='lat' dir='ltr'><strong>snt,</strong></span> 
     </span>
    </p>
   </div>
   <div class='ocr_carea' id='block_1_140' title="bbox 3127 1032 3234 1078">
    <p class='ocr_par' dir='ltr' id='par_1_140' title="bbox 3127 1032 3234 1078">
     <span class='ocr_line' id='line_1_140' title="bbox 3127 1032 3234 1078; baseline -0.019 0"><span class='ocrx_word' id='word_1_697' title='bbox 3127 1032 3234 1078; x_wconf 87' lang='lat' dir='ltr'><strong>etc.</strong></span> 
     </span>
    </p>
   </div>
   <div class='ocr_carea' id='block_1_141' title="bbox 3201 1094 3888 1157">
    <p class='ocr_par' dir='ltr' id='par_1_141' title="bbox 3201 1094 3888 1157">
     <span class='ocr_line' id='line_1_141' title="bbox 3201 1094 3888 1157; baseline 0.013 -9"><span class='ocrx_word' id='word_1_698' title='bbox 3201 1094 3338 1150; x_wconf 91' lang='lat' dir='ltr'><strong>Cod.</strong></span> <span class='ocrx_word' id='word_1_699' title='bbox 3388 1112 3479 1151; x_wconf 76' lang='lat' dir='ltr'><strong>xv.</strong></span> <span class='ocrx_word' id='word_1_700' title='bbox 3530 1097 3664 1153; x_wconf 62' lang='lat' dir='ltr'><strong>Have</strong></span> <span class='ocrx_word' id='word_1_701' title='bbox 3691 1117 3888 1157; x_wconf 71' lang='lat' dir='ltr'><strong>sttuite-</strong></span> 
     </span>
    </p>
   </div>
   <div class='ocr_carea' id='block_1_142' title="bbox 3130 1167 3866 1233">
    <p class='ocr_par' dir='ltr' id='par_1_142' title="bbox 3130 1167 3866 1233">
     <span class='ocr_line' id='line_1_142' title="bbox 3130 1167 3866 1233; baseline 0.016 -15"><span class='ocrx_word' id='word_1_702' title='bbox 3130 1167 3376 1220; x_wconf 89' lang='lat' dir='ltr'><strong>stimonia</strong></span> <span class='ocrx_word' id='word_1_703' title='bbox 3399 1177 3517 1233; x_wconf 85' lang='lat' dir='ltr'><strong>tua,</strong></span> <span class='ocrx_word' id='word_1_704' title='bbox 3544 1187 3575 1221; x_wconf 90' lang='lat' dir='ltr'><strong>o</strong></span> <span class='ocrx_word' id='word_1_705' title='bbox 3598 1170 3744 1225; x_wconf 74' lang='lat' dir='ltr'><strong>Iesu.</strong></span> <span class='ocrx_word' id='word_1_706' title='bbox 3771 1174 3866 1230; x_wconf 79' lang='lat' dir='ltr'><strong>Cod</strong></span> 
     </span>
    </p>
   </div>
   <div class='ocr_carea' id='block_1_143' title="bbox 3131 1237 3748 1304">
    <p class='ocr_par' dir='ltr' id='par_1_143' title="bbox 3131 1237 3748 1304">
     <span class='ocr_line' id='line_1_143' title="bbox 3131 1237 3748 1304; baseline 0.008 -13"><span class='ocrx_word' id='word_1_707' title='bbox 3131 1252 3292 1304; x_wconf 79' lang='lat' dir='ltr'><strong>cxvn,</strong></span> <span class='ocrx_word' id='word_1_708' title='bbox 3326 1237 3562 1292; x_wconf 85' lang='lat' dir='ltr'><strong>Domine</strong></span> <span class='ocrx_word' id='word_1_709' title='bbox 3599 1241 3748 1296; x_wconf 76' lang='lat' dir='ltr'><strong>Iesu.</strong></span> 
     </span>
    </p>
   </div>
   <div class='ocr_carea' id='block_1_144' title="bbox 3199 1308 3887 1385">
    <p class='ocr_par' dir='ltr' id='par_1_144' title="bbox 3199 1308 3887 1385">
     <span class='ocr_line' id='line_1_144' title="bbox 3199 1308 3887 1385; baseline -0.001 -24"><span class='ocrx_word' id='word_1_710' title='bbox 3199 1308 3275 1362; x_wconf 92' lang='lat' dir='ltr'><strong>Id.</strong></span> <span class='ocrx_word' id='word_1_711' title='bbox 3355 1311 3734 1385; x_wconf 77' lang='lat' dir='ltr'><strong>(emerentur</strong></span> <span class='ocrx_word' id='word_1_712' title='bbox 3802 1321 3887 1385; x_wconf 70' lang='grc' dir='ltr'><strong>με-</strong></span> 
     </span>
    </p>
   </div>
   <div class='ocr_carea' id='block_1_145' title="bbox 3129 1381 3885 1460">
    <p class='ocr_par' dir='ltr' id='par_1_145' title="bbox 3129 1381 3885 1460">
     <span class='ocr_line' id='line_1_145' title="bbox 3129 1381 3885 1460; baseline 0.016 -29"><span class='ocrx_word' id='word_1_713' title='bbox 3129 1388 3238 1460; x_wconf 73' lang='lat' dir='ltr'><strong>etus</strong></span> <span class='ocrx_word' id='word_1_714' title='bbox 3262 1381 3449 1460; x_wconf 75' lang='lat' dir='ltr'><strong>maris,</strong></span> <span class='ocrx_word' id='word_1_715' title='bbox 3466 1385 3650 1453; x_wconf 75' lang='lat' dir='ltr'><strong>campi</strong></span> <span class='ocrx_word' id='word_1_716' title='bbox 3676 1381 3885 1443; x_wconf 61' lang='lat' dir='ltr'><strong>cederem</strong></span> 
     </span>
    </p>
   </div>
   <div class='ocr_carea' id='block_1_146' title="bbox 3133 1463 3884 1605">
    <p class='ocr_par' dir='ltr' id='par_1_146' title="bbox 3133 1463 3884 1605">
     <span class='ocr_line' id='line_1_146' title="bbox 3133 1463 3432 1517; baseline 0.01 -15"><span class='ocrx_word' id='word_1_717' title='bbox 3133 1463 3432 1517; x_wconf 75' lang='lat' dir='ltr'><strong>imperanti.</strong></span> 
     </span>
     <span class='ocr_line' id='line_1_147' title="bbox 3199 1521 3884 1605; baseline 0.006 -30"><span class='ocrx_word' id='word_1_718' title='bbox 3199 1522 3332 1605; x_wconf 58' lang='lat' dir='ltr'><strong>Ced.</strong></span> <span class='ocrx_word' id='word_1_719' title='bbox 3378 1538 3472 1575; x_wconf 76' lang='lat' dir='ltr'><strong>xv.</strong></span> <span class='ocrx_word' id='word_1_720' title='bbox 3520 1521 3884 1605; x_wconf 63' lang='grc' dir='ltr'><strong>Ᾰζοηιίιικ-</strong></span> 
     </span>
    </p>
   </div>
   <div class='ocr_carea' id='block_1_147' title="bbox 3135 1602 3736 1650">
    <p class='ocr_par' dir='ltr' id='par_1_147' title="bbox 3135 1602 3736 1650">
     <span class='ocr_line' id='line_1_148' title="bbox 3135 1602 3736 1650; baseline 0.007 -6"><span class='ocrx_word' id='word_1_721' title='bbox 3135 1602 3282 1646; x_wconf 88' lang='lat' dir='ltr'><strong>cante</strong></span> <span class='ocrx_word' id='word_1_722' title='bbox 3309 1602 3736 1650; x_wconf 69' lang='lat' dir='ltr'><strong>resurrean&#39;sseat.</strong></span> 
     </span>
    </p>
   </div>
   <div class='ocr_carea' id='block_1_148' title="bbox 3205 1661 3880 1726">
    <p class='ocr_par' dir='ltr' id='par_1_148' title="bbox 3205 1661 3880 1726">
     <span class='ocr_line' id='line_1_149' title="bbox 3205 1661 3880 1726; baseline 0.016 -10"><span class='ocrx_word' id='word_1_723' title='bbox 3205 1661 3283 1716; x_wconf 87' lang='lat' dir='ltr'><strong>Id.</strong></span> <span class='ocrx_word' id='word_1_724' title='bbox 3331 1662 3498 1718; x_wconf 86' lang='lat' dir='ltr'><strong>Terra</strong></span> <span class='ocrx_word' id='word_1_725' title='bbox 3558 1679 3608 1720; x_wconf 89' lang='lat' dir='ltr'><strong>te</strong></span> <span class='ocrx_word' id='word_1_726' title='bbox 3663 1672 3880 1726; x_wconf 65' lang='lat' dir='ltr'><strong>uariat:</strong></span> 
     </span>
    </p>
   </div>
   <div class='ocr_carea' id='block_1_149' title="bbox 3134 1735 3445 1789">
    <p class='ocr_par' dir='ltr' id='par_1_149' title="bbox 3134 1735 3445 1789">
     <span class='ocr_line' id='line_1_150' title="bbox 3134 1735 3445 1789; baseline 0.006 -3"><span class='ocrx_word' id='word_1_727' title='bbox 3134 1735 3445 1789; x_wconf 88' lang='lat' dir='ltr'><strong>tremuisset.</strong></span> 
     </span>
    </p>
   </div>
   <div class='ocr_carea' id='block_1_150' title="bbox 3203 1802 3879 1880">
    <p class='ocr_par' dir='ltr' id='par_1_150' title="bbox 3203 1802 3879 1880">
     <span class='ocr_line' id='line_1_151' title="bbox 3203 1802 3879 1880; baseline 0.015 -23"><span class='ocrx_word' id='word_1_728' title='bbox 3203 1802 3282 1880; x_wconf 83' lang='lat' dir='ltr'><strong>Id.</strong></span> <span class='ocrx_word' id='word_1_729' title='bbox 3364 1805 3572 1880; x_wconf 83' lang='lat' dir='ltr'><strong>Ubique</strong></span> <span class='ocrx_word' id='word_1_730' title='bbox 3637 1813 3771 1864; x_wconf 64' lang='lat' dir='ltr'><strong>enim</strong></span> <span class='ocrx_word' id='word_1_731' title='bbox 3825 1817 3879 1867; x_wconf 83' lang='lat' dir='ltr'><strong>eis</strong></span> 
     </span>
    </p>
   </div>
   <div class='ocr_carea' id='block_1_151' title="bbox 3135 1873 3394 1930">
    <p class='ocr_par' dir='ltr' id='par_1_151' title="bbox 3135 1873 3394 1930">
     <span class='ocr_line' id='line_1_152' title="bbox 3135 1873 3394 1930; baseline 0 0"><span class='ocrx_word' id='word_1_732' title='bbox 3135 1873 3394 1930; x_wconf 87' lang='lat' dir='ltr'><strong>Christus.</strong></span> 
     </span>
    </p>
   </div>
   <div class='ocr_carea' id='block_1_152' title="bbox 3210 1947 3880 2007">
    <p class='ocr_par' dir='ltr' id='par_1_152' title="bbox 3210 1947 3880 2007">
     <span class='ocr_line' id='line_1_153' title="bbox 3210 1947 3880 2007; baseline 0.013 -9"><span class='ocrx_word' id='word_1_733' title='bbox 3210 1947 3285 2000; x_wconf 91' lang='lat' dir='ltr'><strong>Id.</strong></span> <span class='ocrx_word' id='word_1_734' title='bbox 3326 1949 3597 2004; x_wconf 75' lang='lat' dir='ltr'><strong>Adoratus</strong></span> <span class='ocrx_word' id='word_1_735' title='bbox 3617 1962 3693 2005; x_wconf 81' lang='lat' dir='ltr'><strong>est</strong></span> <span class='ocrx_word' id='word_1_736' title='bbox 3715 1955 3766 2006; x_wconf 71' lang='lat' dir='ltr'><strong>in</strong></span> <span class='ocrx_word' id='word_1_737' title='bbox 3785 1964 3880 2007; x_wconf 67' lang='lat' dir='ltr'><strong>ten-</strong></span> 
     </span>
    </p>
   </div>
   <div class='ocr_carea' id='block_1_153' title="bbox 3137 2017 3879 2088">
    <p class='ocr_par' dir='ltr' id='par_1_153' title="bbox 3137 2017 3879 2088">
     <span class='ocr_line' id='line_1_154' title="bbox 3137 2017 3879 2088; baseline 0.015 -19"><span class='ocrx_word' id='word_1_738' title='bbox 3137 2017 3222 2084; x_wconf 88' lang='lat' dir='ltr'><strong>plo</strong></span> <span class='ocrx_word' id='word_1_739' title='bbox 3250 2035 3381 2088; x_wconf 87' lang='lat' dir='ltr'><strong>puer-</strong></span> <span class='ocrx_word' id='word_1_740' title='bbox 3413 2021 3689 2086; x_wconf 79' lang='lat' dir='ltr'><strong>Christus;</strong></span> <span class='ocrx_word' id='word_1_741' title='bbox 3725 2042 3757 2076; x_wconf 73' lang='grc' dir='ltr'><em>α</em></span> <span class='ocrx_word' id='word_1_742' title='bbox 3788 2042 3879 2080; x_wconf 68' lang='lat' dir='ltr'><strong>snt</strong></span> 
     </span>
    </p>
   </div>
   <div class='ocr_carea' id='block_1_154' title="bbox 3140 2088 3879 2162">
    <p class='ocr_par' dir='ltr' id='par_1_154' title="bbox 3140 2088 3879 2162">
     <span class='ocr_line' id='line_1_155' title="bbox 3140 2088 3879 2162; baseline 0.011 -20"><span class='ocrx_word' id='word_1_743' title='bbox 3140 2088 3380 2162; x_wconf 76' lang='lat' dir='ltr'><strong>Simeone</strong></span> <span class='ocrx_word' id='word_1_744' title='bbox 3437 2103 3674 2162; x_wconf 77' lang='lat' dir='ltr'><strong>gestatus</strong></span> <span class='ocrx_word' id='word_1_745' title='bbox 3728 2106 3797 2148; x_wconf 86' lang='lat' dir='ltr'><strong>est</strong></span> <span class='ocrx_word' id='word_1_746' title='bbox 3841 2099 3879 2150; x_wconf 77' lang='lat' dir='ltr'><strong>is</strong></span> 
     </span>
    </p>
   </div>
   <div class='ocr_carea' id='block_1_155' title="bbox 3136 2159 3430 2227">
    <p class='ocr_par' dir='ltr' id='par_1_155' title="bbox 3136 2159 3430 2227">
     <span class='ocr_line' id='line_1_156' title="bbox 3136 2159 3430 2227; baseline 0.01 -16"><span class='ocrx_word' id='word_1_747' title='bbox 3136 2159 3294 2227; x_wconf 87' lang='lat' dir='ltr'><strong>ulnis,</strong></span> <span class='ocrx_word' id='word_1_748' title='bbox 3319 2171 3430 2216; x_wconf 87' lang='lat' dir='ltr'><strong>etc.</strong></span> 
     </span>
    </p>
   </div>
   <div class='ocr_carea' id='block_1_156' title="bbox 3204 2229 3877 2305">
    <p class='ocr_par' dir='ltr' id='par_1_156' title="bbox 3204 2229 3877 2305">
     <span class='ocr_line' id='line_1_157' title="bbox 3204 2229 3877 2305; baseline 0.012 -23"><span class='ocrx_word' id='word_1_749' title='bbox 3204 2229 3280 2285; x_wconf 93' lang='lat' dir='ltr'><strong>Id.</strong></span> <span class='ocrx_word' id='word_1_750' title='bbox 3329 2230 3396 2285; x_wconf 90' lang='lat' dir='ltr'><strong>In</strong></span> <span class='ocrx_word' id='word_1_751' title='bbox 3426 2234 3758 2300; x_wconf 70' lang='lat' dir='ltr'><strong>verberibus;</strong></span> <span class='ocrx_word' id='word_1_752' title='bbox 3786 2237 3877 2305; x_wconf 74' lang='lat' dir='ltr'><strong>pll-</strong></span> 
     </span>
    </p>
   </div>
   <div class='ocr_carea' id='block_1_157' title="bbox 3138 2301 3770 2370">
    <p class='ocr_par' dir='ltr' id='par_1_157' title="bbox 3138 2301 3770 2370">
     <span class='ocr_line' id='line_1_158' title="bbox 3138 2301 3770 2370; baseline 0.016 -18"><span class='ocrx_word' id='word_1_753' title='bbox 3138 2301 3256 2354; x_wconf 87' lang='lat' dir='ltr'><strong>cher</strong></span> <span class='ocrx_word' id='word_1_754' title='bbox 3287 2318 3395 2355; x_wconf 84' lang='lat' dir='ltr'><strong>non</strong></span> <span class='ocrx_word' id='word_1_755' title='bbox 3414 2319 3635 2370; x_wconf 84' lang='lat' dir='ltr'><strong>curans,</strong></span> <span class='ocrx_word' id='word_1_756' title='bbox 3667 2317 3770 2362; x_wconf 86' lang='lat' dir='ltr'><strong>etc.</strong></span> 
     </span>
    </p>
   </div>
   <div class='ocr_carea' id='block_1_158' title="bbox 3209 2371 3876 2444">
    <p class='ocr_par' dir='ltr' id='par_1_158' title="bbox 3209 2371 3876 2444">
     <span class='ocr_line' id='line_1_159' title="bbox 3209 2371 3876 2444; baseline 0.01 -19"><span class='ocrx_word' id='word_1_757' title='bbox 3209 2371 3284 2426; x_wconf 79' lang='lat' dir='ltr'><strong>ItI.</strong></span> <span class='ocrx_word' id='word_1_758' title='bbox 3357 2376 3627 2444; x_wconf 76' lang='lat' dir='ltr'><strong>Aspiracit</strong></span> <span class='ocrx_word' id='word_1_759' title='bbox 3681 2379 3802 2442; x_wconf 77' lang='lat' dir='ltr'><strong>dies,</strong></span> <span class='ocrx_word' id='word_1_760' title='bbox 3839 2387 3876 2431; x_wconf 74' lang='lat' dir='ltr'><strong>et</strong></span> 
     </span>
    </p>
   </div>
   <div class='ocr_carea' id='block_1_159' title="bbox 3136 2442 3725 2514">
    <p class='ocr_par' dir='ltr' id='par_1_159' title="bbox 3136 2442 3725 2514">
     <span class='ocr_line' id='line_1_160' title="bbox 3136 2442 3725 2514; baseline 0.01 -19"><span class='ocrx_word' id='word_1_761' title='bbox 3136 2442 3328 2514; x_wconf 79' lang='lat' dir='ltr'><strong>fugata:</strong></span> <span class='ocrx_word' id='word_1_762' title='bbox 3352 2442 3477 2498; x_wconf 72' lang='lat' dir='ltr'><strong>sunt</strong></span> <span class='ocrx_word' id='word_1_763' title='bbox 3509 2448 3725 2501; x_wconf 64' lang='lat' dir='ltr'><strong>umbra.</strong></span> 
     </span>
    </p>
   </div>
   <div class='ocr_carea' id='block_1_160' title="bbox 3207 2516 3874 2587">
    <p class='ocr_par' dir='ltr' id='par_1_160' title="bbox 3207 2516 3874 2587">
     <span class='ocr_line' id='line_1_161' title="bbox 3207 2516 3874 2587; baseline 0.009 -19"><span class='ocrx_word' id='word_1_764' title='bbox 3207 2516 3281 2587; x_wconf 88' lang='lat' dir='ltr'><strong>Id.</strong></span> <span class='ocrx_word' id='word_1_765' title='bbox 3328 2516 3392 2570; x_wconf 90' lang='lat' dir='ltr'><strong>Si</strong></span> <span class='ocrx_word' id='word_1_766' title='bbox 3413 2520 3714 2584; x_wconf 69' lang='lat' dir='ltr'><strong>expavescis</strong></span> <span class='ocrx_word' id='word_1_767' title='bbox 3735 2522 3812 2587; x_wconf 67' lang='lat' dir='ltr'><strong>qui</strong></span> <span class='ocrx_word' id='word_1_768' title='bbox 3832 2536 3874 2574; x_wconf 83' lang='lat' dir='ltr'><strong>es</strong></span> 
     </span>
    </p>
   </div>
   <div class='ocr_carea' id='block_1_161' title="bbox 3134 2586 3504 2649">
    <p class='ocr_par' dir='ltr' id='par_1_161' title="bbox 3134 2586 3504 2649">
     <span class='ocr_line' id='line_1_162' title="bbox 3134 2586 3504 2649; baseline 0.003 -9"><span class='ocrx_word' id='word_1_769' title='bbox 3134 2586 3361 2649; x_wconf 86' lang='lat' dir='ltr'><strong>auditor,</strong></span> <span class='ocrx_word' id='word_1_770' title='bbox 3390 2599 3504 2641; x_wconf 86' lang='lat' dir='ltr'><strong>etc.</strong></span> 
     </span>
    </p>
   </div>
   <div class='ocr_carea' id='block_1_162' title="bbox 3206 2656 3870 2715">
    <p class='ocr_par' dir='ltr' id='par_1_162' title="bbox 3206 2656 3870 2715">
     <span class='ocr_line' id='line_1_163' title="bbox 3206 2656 3870 2715; baseline 0.005 -3"><span class='ocrx_word' id='word_1_771' title='bbox 3206 2658 3277 2714; x_wconf 86' lang='lat' dir='ltr'><strong>Id.</strong></span> <span class='ocrx_word' id='word_1_772' title='bbox 3344 2656 3643 2712; x_wconf 78' lang='lat' dir='ltr'><strong>Nuntiatur</strong></span> <span class='ocrx_word' id='word_1_773' title='bbox 3689 2659 3870 2715; x_wconf 70' lang='lat' dir='ltr'><strong>Elim.</strong></span> 
     </span>
    </p>
   </div>
   <div class='ocr_carea' id='block_1_163' title="bbox 3207 2797 3654 2854">
    <p class='ocr_par' dir='ltr' id='par_1_163' title="bbox 3207 2797 3654 2854">
     <span class='ocr_line' id='line_1_164' title="bbox 3207 2797 3654 2854; baseline 0.002 -1"><span class='ocrx_word' id='word_1_774' title='bbox 3207 2800 3282 2853; x_wconf 89' lang='lat' dir='ltr'><strong>Id.</strong></span> <span class='ocrx_word' id='word_1_775' title='bbox 3327 2797 3396 2854; x_wconf 83' lang='lat' dir='ltr'><strong>Et</strong></span> <span class='ocrx_word' id='word_1_776' title='bbox 3426 2803 3654 2854; x_wconf 71' lang='lat' dir='ltr'><strong>dixisti.</strong></span> 
     </span>
    </p>
   </div>
   <div class='ocr_carea' id='block_1_164' title="bbox 3204 2870 3871 2929">
    <p class='ocr_par' dir='ltr' id='par_1_164' title="bbox 3204 2870 3871 2929">
     <span class='ocr_line' id='line_1_165' title="bbox 3204 2870 3871 2929; baseline 0.007 -5"><span class='ocrx_word' id='word_1_777' title='bbox 3204 2871 3280 2925; x_wconf 92' lang='lat' dir='ltr'><strong>Id.</strong></span> <span class='ocrx_word' id='word_1_778' title='bbox 3331 2870 3518 2926; x_wconf 75' lang='lat' dir='ltr'><strong>Vivere</strong></span> <span class='ocrx_word' id='word_1_779' title='bbox 3572 2889 3638 2926; x_wconf 79' lang='lat' dir='ltr'><strong>ex</strong></span> <span class='ocrx_word' id='word_1_780' title='bbox 3687 2891 3742 2926; x_wconf 84' lang='lat' dir='ltr'><strong>ea</strong></span> <span class='ocrx_word' id='word_1_781' title='bbox 3791 2891 3871 2929; x_wconf 79' lang='lat' dir='ltr'><strong>tm</strong></span> 
     </span>
    </p>
   </div>
   <div class='ocr_carea' id='block_1_165' title="bbox 3131 2952 3428 3013">
    <p class='ocr_par' dir='ltr' id='par_1_165' title="bbox 3131 2952 3428 3013">
     <span class='ocr_line' id='line_1_166' title="bbox 3131 2952 3428 3013; baseline 0.003 -17"><span class='ocrx_word' id='word_1_782' title='bbox 3131 2952 3428 3013; x_wconf 71' lang='lat' dir='ltr'><strong>potuerunt.</strong></span> 
     </span>
    </p>
   </div>
   <div class='ocr_carea' id='block_1_166' title="bbox 3203 3011 3869 3078">
    <p class='ocr_par' dir='ltr' id='par_1_166' title="bbox 3203 3011 3869 3078">
     <span class='ocr_line' id='line_1_167' title="bbox 3203 3011 3869 3078; baseline 0.003 -11"><span class='ocrx_word' id='word_1_783' title='bbox 3203 3011 3378 3067; x_wconf 88' lang='lat' dir='ltr'><strong>Codd.</strong></span> <span class='ocrx_word' id='word_1_784' title='bbox 3407 3030 3501 3078; x_wconf 81' lang='lat' dir='ltr'><strong>xv,</strong></span> <span class='ocrx_word' id='word_1_785' title='bbox 3533 3025 3594 3067; x_wconf 83' lang='lat' dir='ltr'><strong>et</strong></span> <span class='ocrx_word' id='word_1_786' title='bbox 3618 3021 3869 3069; x_wconf 51' lang='lat' dir='ltr'><strong>um.”-</strong></span> 
     </span>
    </p>
   </div>
   <div class='ocr_carea' id='block_1_167' title="bbox 3133 3082 3869 3148">
    <p class='ocr_par' dir='ltr' id='par_1_167' title="bbox 3133 3082 3869 3148">
     <span class='ocr_line' id='line_1_168' title="bbox 3133 3082 3869 3148; baseline 0.005 -12"><span class='ocrx_word' id='word_1_787' title='bbox 3133 3085 3231 3136; x_wconf 90' lang='lat' dir='ltr'><strong>di:</strong></span> <span class='ocrx_word' id='word_1_788' title='bbox 3261 3082 3415 3137; x_wconf 74' lang='lat' dir='ltr'><strong>Muta</strong></span> <span class='ocrx_word' id='word_1_789' title='bbox 3451 3097 3522 3148; x_wconf 90' lang='lat' dir='ltr'><strong>te,</strong></span> <span class='ocrx_word' id='word_1_790' title='bbox 3554 3088 3603 3138; x_wconf 87' lang='lat' dir='ltr'><strong>si</strong></span> <span class='ocrx_word' id='word_1_791' title='bbox 3633 3088 3704 3139; x_wconf 77' lang='lat' dir='ltr'><strong>eis</strong></span> <span class='ocrx_word' id='word_1_792' title='bbox 3735 3097 3869 3139; x_wconf 69' lang='lat' dir='ltr'><strong>mta-</strong></span> 
     </span>
    </p>
   </div>
   <div class='ocr_carea' id='block_1_168' title="bbox 3131 3156 3751 3221">
    <p class='ocr_par' dir='ltr' id='par_1_168' title="bbox 3131 3156 3751 3221">
     <span class='ocr_line' id='line_1_169' title="bbox 3131 3156 3751 3221; baseline 0.006 -13"><span class='ocrx_word' id='word_1_793' title='bbox 3131 3157 3214 3221; x_wconf 84' lang='lat' dir='ltr'><strong>ri;</strong></span> <span class='ocrx_word' id='word_1_794' title='bbox 3257 3156 3314 3208; x_wconf 89' lang='lat' dir='ltr'><strong>in</strong></span> <span class='ocrx_word' id='word_1_795' title='bbox 3343 3167 3621 3220; x_wconf 77' lang='lat' dir='ltr'><strong>vetustate,</strong></span> <span class='ocrx_word' id='word_1_796' title='bbox 3656 3170 3751 3212; x_wconf 85' lang='lat' dir='ltr'><strong>etc.</strong></span> 
     </span>
    </p>
   </div>
   <div class='ocr_carea' id='block_1_169' title="bbox 3205 3297 3869 3354">
    <p class='ocr_par' dir='ltr' id='par_1_169' title="bbox 3205 3297 3869 3354">
     <span class='ocr_line' id='line_1_170' title="bbox 3205 3297 3869 3354; baseline 0.005 -4"><span class='ocrx_word' id='word_1_797' title='bbox 3205 3297 3298 3353; x_wconf 89' lang='lat' dir='ltr'><strong>Iid.</strong></span> <span class='ocrx_word' id='word_1_798' title='bbox 3343 3297 3508 3354; x_wconf 87' lang='lat' dir='ltr'><strong>Pater</strong></span> <span class='ocrx_word' id='word_1_799' title='bbox 3564 3309 3688 3353; x_wconf 77' lang='lat' dir='ltr'><strong>tuus</strong></span> <span class='ocrx_word' id='word_1_800' title='bbox 3735 3301 3869 3353; x_wconf 74' lang='lat' dir='ltr'><strong>cruci-</strong></span> 
     </span>
    </p>
   </div>
   <div class='ocr_carea' id='block_1_170' title="bbox 3124 3371 3534 3438">
    <p class='ocr_par' dir='ltr' id='par_1_170' title="bbox 3124 3371 3534 3438">
     <span class='ocr_line' id='line_1_171' title="bbox 3124 3371 3534 3438; baseline 0.002 -15"><span class='ocrx_word' id='word_1_801' title='bbox 3124 3371 3258 3438; x_wconf 77' lang='lat' dir='ltr'><strong>fixit,</strong></span> <span class='ocrx_word' id='word_1_802' title='bbox 3285 3380 3339 3422; x_wconf 86' lang='lat' dir='ltr'><strong>tu</strong></span> <span class='ocrx_word' id='word_1_803' title='bbox 3356 3371 3534 3424; x_wconf 78' lang='lat' dir='ltr'><strong>odisti.</strong></span> 
     </span>
    </p>
   </div>
   <div class='ocr_carea' id='block_1_171' title="bbox 3197 3441 3865 3509">
    <p class='ocr_par' dir='ltr' id='par_1_171' title="bbox 3197 3441 3865 3509">
     <span class='ocr_line' id='line_1_172' title="bbox 3197 3441 3865 3509; baseline 0.004 -15"><span class='ocrx_word' id='word_1_804' title='bbox 3197 3441 3330 3495; x_wconf 89' lang='lat' dir='ltr'><strong>Cod.</strong></span> <span class='ocrx_word' id='word_1_805' title='bbox 3385 3458 3479 3496; x_wconf 81' lang='lat' dir='ltr'><strong>xv.</strong></span> <span class='ocrx_word' id='word_1_806' title='bbox 3544 3447 3760 3509; x_wconf 79' lang='lat' dir='ltr'><strong>Audite;</strong></span> <span class='ocrx_word' id='word_1_807' title='bbox 3799 3461 3865 3497; x_wconf 73' lang='lat' dir='ltr'><strong>cz-</strong></span> 
     </span>
    </p>
   </div>
   <div class='ocr_carea' id='block_1_172' title="bbox 3125 3515 3863 3582">
    <p class='ocr_par' dir='ltr' id='par_1_172' title="bbox 3125 3515 3863 3582">
     <span class='ocr_line' id='line_1_173' title="bbox 3125 3515 3863 3582; baseline 0.001 -15"><span class='ocrx_word' id='word_1_808' title='bbox 3125 3515 3366 3582; x_wconf 88' lang='lat' dir='ltr'><strong>spectatis</strong></span> <span class='ocrx_word' id='word_1_809' title='bbox 3381 3529 3414 3565; x_wconf 89' lang='lat' dir='ltr'><strong>a</strong></span> <span class='ocrx_word' id='word_1_810' title='bbox 3443 3531 3560 3577; x_wconf 87' lang='lat' dir='ltr'><strong>me;</strong></span> <span class='ocrx_word' id='word_1_811' title='bbox 3584 3517 3768 3579; x_wconf 74' lang='lat' dir='ltr'><strong>audite,</strong></span> <span class='ocrx_word' id='word_1_812' title='bbox 3783 3527 3863 3568; x_wconf 82' lang='lat' dir='ltr'><strong>etc.</strong></span> 
     </span>
    </p>
   </div>
   <div class='ocr_carea' id='block_1_173' title="bbox 3200 3583 3863 3655">
    <p class='ocr_par' dir='ltr' id='par_1_173' title="bbox 3200 3583 3863 3655">
     <span class='ocr_line' id='line_1_174' title="bbox 3200 3583 3863 3655; baseline -0.003 -17"><span class='ocrx_word' id='word_1_813' title='bbox 3200 3583 3274 3638; x_wconf 88' lang='lat' dir='ltr'><strong>Id.</strong></span> <span class='ocrx_word' id='word_1_814' title='bbox 3320 3583 3467 3636; x_wconf 83' lang='lat' dir='ltr'><strong>Deus</strong></span> <span class='ocrx_word' id='word_1_815' title='bbox 3499 3589 3733 3655; x_wconf 75' lang='lat' dir='ltr'><strong>_donarit</strong></span> <span class='ocrx_word' id='word_1_816' title='bbox 3772 3602 3863 3655; x_wconf 71' lang='lat' dir='ltr'><strong>gss-</strong></span> 
     </span>
    </p>
   </div>
   <div class='ocr_carea' id='block_1_174' title="bbox 3127 3653 3806 3716">
    <p class='ocr_par' dir='ltr' id='par_1_174' title="bbox 3127 3653 3806 3716">
     <span class='ocr_line' id='line_1_175' title="bbox 3127 3653 3806 3716; baseline 0.003 -8"><span class='ocrx_word' id='word_1_817' title='bbox 3127 3655 3252 3708; x_wconf 87' lang='lat' dir='ltr'><strong>tiam</strong></span> <span class='ocrx_word' id='word_1_818' title='bbox 3280 3670 3450 3710; x_wconf 78' lang='lat' dir='ltr'><strong>suam.</strong></span> <span class='ocrx_word' id='word_1_819' title='bbox 3481 3653 3692 3716; x_wconf 83' lang='lat' dir='ltr'><strong>Gratia,</strong></span> <span class='ocrx_word' id='word_1_820' title='bbox 3719 3653 3806 3710; x_wconf 73' lang='lat' dir='ltr'><strong>etc.</strong></span> 
     </span>
    </p>
   </div>
   <div class='ocr_carea' id='block_1_175' title="bbox 3198 3725 3863 3794">
    <p class='ocr_par' dir='ltr' id='par_1_175' title="bbox 3198 3725 3863 3794">
     <span class='ocr_line' id='line_1_176' title="bbox 3198 3725 3863 3794; baseline -0.006 -14"><span class='ocrx_word' id='word_1_821' title='bbox 3198 3727 3274 3780; x_wconf 88' lang='lat' dir='ltr'><strong>Id.</strong></span> <span class='ocrx_word' id='word_1_822' title='bbox 3324 3725 3579 3780; x_wconf 80' lang='lat' dir='ltr'><strong>Reddita.</strong></span> <span class='ocrx_word' id='word_1_823' title='bbox 3630 3728 3728 3794; x_wconf 75' lang='lat' dir='ltr'><strong>Qui</strong></span> <span class='ocrx_word' id='word_1_824' title='bbox 3749 3743 3863 3780; x_wconf 73' lang='lat' dir='ltr'><strong>cres-</strong></span> 
     </span>
    </p>
   </div>
   <div class='ocr_carea' id='block_1_176' title="bbox 3125 3797 3406 3860">
    <p class='ocr_par' dir='ltr' id='par_1_176' title="bbox 3125 3797 3406 3860">
     <span class='ocr_line' id='line_1_177' title="bbox 3125 3797 3406 3860; baseline 0 -10"><span class='ocrx_word' id='word_1_825' title='bbox 3125 3797 3212 3860; x_wconf 82' lang='lat' dir='ltr'><strong>vit,</strong></span> <span class='ocrx_word' id='word_1_826' title='bbox 3237 3806 3406 3850; x_wconf 84' lang='lat' dir='ltr'><strong>sanat.</strong></span> 
     </span>
    </p>
   </div>
   <div class='ocr_carea' id='block_1_177' title="bbox 3204 3866 3864 3938">
    <p class='ocr_par' dir='ltr' id='par_1_177' title="bbox 3204 3866 3864 3938">
     <span class='ocr_line' id='line_1_178' title="bbox 3204 3866 3864 3938; baseline -0.002 -18"><span class='ocrx_word' id='word_1_827' title='bbox 3204 3869 3280 3921; x_wconf 93' lang='lat' dir='ltr'><strong>Id.</strong></span> <span class='ocrx_word' id='word_1_828' title='bbox 3327 3866 3451 3921; x_wconf 83' lang='lat' dir='ltr'><strong>Ruit</strong></span> <span class='ocrx_word' id='word_1_829' title='bbox 3474 3868 3564 3923; x_wconf 85' lang='lat' dir='ltr'><strong>ille</strong></span> <span class='ocrx_word' id='word_1_830' title='bbox 3590 3869 3682 3938; x_wconf 82' lang='lat' dir='ltr'><strong>qui</strong></span> <span class='ocrx_word' id='word_1_831' title='bbox 3702 3868 3864 3920; x_wconf 72' lang='lat' dir='ltr'><strong>dimisit</strong></span> 
     </span>
    </p>
   </div>
   <div class='ocr_carea' id='block_1_178' title="bbox 3139 3950 3458 3993">
    <p class='ocr_par' dir='ltr' id='par_1_178' title="bbox 3139 3950 3458 3993">
     <span class='ocr_line' id='line_1_179' title="bbox 3139 3950 3458 3993; baseline 0.003 -1"><span class='ocrx_word' id='word_1_832' title='bbox 3139 3950 3458 3993; x_wconf 87' lang='lat' dir='ltr'><strong>manentem.</strong></span> 
     </span>
    </p>
   </div>
   <div class='ocr_carea' id='block_1_179' title="bbox 3191 4011 3865 4079">
    <p class='ocr_par' dir='ltr' id='par_1_179' title="bbox 3191 4011 3865 4079">
     <span class='ocr_line' id='line_1_180' title="bbox 3191 4011 3865 4079; baseline -0.003 -17"><span class='ocrx_word' id='word_1_833' title='bbox 3191 4011 3324 4078; x_wconf 59' lang='lat' dir='ltr'><strong>Quae</strong></span> <span class='ocrx_word' id='word_1_834' title='bbox 3359 4021 3667 4079; x_wconf 87' lang='lat' dir='ltr'><strong>sequuntur</strong></span> <span class='ocrx_word' id='word_1_835' title='bbox 3697 4011 3865 4064; x_wconf 76' lang='lat' dir='ltr'><strong>desunt</strong></span> 
     </span>
    </p>
   </div>
   <div class='ocr_carea' id='block_1_180' title="bbox 3123 4080 3862 4136">
    <p class='ocr_par' dir='ltr' id='par_1_180' title="bbox 3123 4080 3862 4136">
     <span class='ocr_line' id='line_1_181' title="bbox 3123 4080 3862 4136; baseline -0.004 -2"><span class='ocrx_word' id='word_1_836' title='bbox 3123 4084 3173 4136; x_wconf 90' lang='lat' dir='ltr'><strong>in</strong></span> <span class='ocrx_word' id='word_1_837' title='bbox 3234 4080 3395 4134; x_wconf 84' lang='lat' dir='ltr'><strong>codd.</strong></span> <span class='ocrx_word' id='word_1_838' title='bbox 3478 4097 3539 4134; x_wconf 75' lang='lat' dir='ltr'><strong>xv</strong></span> <span class='ocrx_word' id='word_1_839' title='bbox 3623 4092 3678 4136; x_wconf 86' lang='lat' dir='ltr'><strong>et</strong></span> <span class='ocrx_word' id='word_1_840' title='bbox 3749 4095 3862 4134; x_wconf 80' lang='lat' dir='ltr'><strong>cxvu</strong></span> 
     </span>
    </p>
   </div>
   <div class='ocr_carea' id='block_1_181' title="bbox 3124 4151 3864 4221">
    <p class='ocr_par' dir='ltr' id='par_1_181' title="bbox 3124 4151 3864 4221">
     <span class='ocr_line' id='line_1_182' title="bbox 3124 4151 3864 4221; baseline -0.003 -15"><span class='ocrx_word' id='word_1_841' title='bbox 3124 4165 3292 4221; x_wconf 88' lang='lat' dir='ltr'><strong>usque</strong></span> <span class='ocrx_word' id='word_1_842' title='bbox 3333 4151 3399 4204; x_wconf 84' lang='lat' dir='ltr'><strong>ad</strong></span> <span class='ocrx_word' id='word_1_843' title='bbox 3447 4151 3564 4207; x_wconf 76' lang='lat' dir='ltr'><strong>[nec</strong></span> <span class='ocrx_word' id='word_1_844' title='bbox 3593 4152 3748 4207; x_wconf 77' lang='lat' dir='ltr'><strong>verba</strong></span> <span class='ocrx_word' id='word_1_845' title='bbox 3773 4165 3864 4205; x_wconf 83' lang='lat' dir='ltr'><strong>ver-</strong></span> 
     </span>
    </p>
   </div>
   <div class='ocr_carea' id='block_1_182' title="bbox 2290 4219 3390 4279">
    <p class='ocr_par' dir='ltr' id='par_1_182' title="bbox 2290 4219 3390 4279">
     <span class='ocr_line' id='line_1_183' title="bbox 2290 4219 3390 4279; baseline 0.001 -7"><span class='ocrx_word' id='word_1_846' title='bbox 2290 4232 2382 4272; x_wconf 87' lang='lat' dir='ltr'><strong>sus</strong></span> <span class='ocrx_word' id='word_1_847' title='bbox 2411 4219 2568 4274; x_wconf 89' lang='lat' dir='ltr'><strong>linem</strong></span> <span class='ocrx_word' id='word_1_848' title='bbox 2596 4221 2854 4274; x_wconf 85' lang='lat' dir='ltr'><strong>veniamus</strong></span> <span class='ocrx_word' id='word_1_849' title='bbox 2880 4224 2948 4276; x_wconf 89' lang='lat' dir='ltr'><strong>ad</strong></span> <span class='ocrx_word' id='word_1_850' title='bbox 2975 4239 3086 4279; x_wconf 90' lang='lat' dir='ltr'><strong>eum</strong></span> <span class='ocrx_word' id='word_1_851' title='bbox 3115 4219 3390 4278; x_wconf 67' lang='lat' dir='ltr'><strong>credendo.</strong></span> 
     </span>
    </p>
   </div>
   <div class='ocr_carea' id='block_1_183' title="bbox 2362 4288 3048 4360">
    <p class='ocr_par' dir='ltr' id='par_1_183' title="bbox 2362 4288 3048 4360">
     <span class='ocr_line' id='line_1_184' title="bbox 2362 4288 3048 4360; baseline 0.01 -18"><span class='ocrx_word' id='word_1_852' title='bbox 2362 4288 2427 4342; x_wconf 88' lang='grc' dir='ltr'><strong>Ν.</strong></span> <span class='ocrx_word' id='word_1_853' title='bbox 2487 4293 2539 4342; x_wconf 70' lang='grc' dir='ltr'><strong>ε).</strong></span> <span class='ocrx_word' id='word_1_854' title='bbox 2597 4290 2767 4357; x_wconf 79' lang='lat' dir='ltr'><strong>Quare</strong></span> <span class='ocrx_word' id='word_1_855' title='bbox 2823 4295 2886 4344; x_wconf 87' lang='lat' dir='ltr'><strong>de</strong></span> <span class='ocrx_word' id='word_1_856' title='bbox 2939 4297 3048 4360; x_wconf 74' lang='lat' dir='ltr'><strong>eius</strong></span> 
     </span>
    </p>
   </div>
   <div class='ocr_carea' id='block_1_184' title="bbox 2291 4360 3050 4432">
    <p class='ocr_par' dir='ltr' id='par_1_184' title="bbox 2291 4360 3050 4432">
     <span class='ocr_line' id='line_1_185' title="bbox 2291 4360 3050 4432; baseline 0.011 -21"><span class='ocrx_word' id='word_1_857' title='bbox 2291 4360 2550 4432; x_wconf 85' lang='lat' dir='ltr'><strong>nativitate</strong></span> <span class='ocrx_word' id='word_1_858' title='bbox 2572 4363 2835 4432; x_wconf 80' lang='lat' dir='ltr'><strong>litigamus</strong></span> <span class='ocrx_word' id='word_1_859' title='bbox 2852 4364 2877 4415; x_wconf 87' lang='lat'><strong><em>?</em></strong></span> <span class='ocrx_word' id='word_1_860' title='bbox 2901 4382 2968 4417; x_wconf 89' lang='lat' dir='ltr'><strong>au</strong></span> <span class='ocrx_word' id='word_1_861' title='bbox 2997 4375 3050 4419; x_wconf 89' lang='lat' dir='ltr'><strong>ut</strong></span> 
     </span>
    </p>
   </div>
   <div class='ocr_carea' id='block_1_185' title="bbox 2295 4431 3051 4490">
    <p class='ocr_par' dir='ltr' id='par_1_185' title="bbox 2295 4431 3051 4490">
     <span class='ocr_line' id='line_1_186' title="bbox 2295 4431 3051 4490; baseline 0.012 -9"><span class='ocrx_word' id='word_1_862' title='bbox 2295 4431 2546 4483; x_wconf 87' lang='lat' dir='ltr'><strong>medicum</strong></span> <span class='ocrx_word' id='word_1_863' title='bbox 2621 4431 2879 4488; x_wconf 83' lang='lat' dir='ltr'><strong>vocantem</strong></span> <span class='ocrx_word' id='word_1_864' title='bbox 2948 4452 3051 4490; x_wconf 87' lang='lat' dir='ltr'><strong>non</strong></span> 
     </span>
    </p>
   </div>
   <div class='ocr_carea' id='block_1_186' title="bbox 2290 4502 2602 4558">
    <p class='ocr_par' dir='ltr' id='par_1_186' title="bbox 2290 4502 2602 4558">
     <span class='ocr_line' id='line_1_187' title="bbox 2290 4502 2602 4558; baseline 0.019 -6"><span class='ocrx_word' id='word_1_865' title='bbox 2290 4502 2560 4556; x_wconf 84' lang='lat' dir='ltr'><strong>audiamus</strong></span> <span class='ocrx_word' id='word_1_866' title='bbox 2577 4505 2602 4558; x_wconf 87' lang='lat'><strong><em>?</em></strong></span> 
     </span>
    </p>
   </div>
   <div class='ocr_carea' id='block_1_187' title="bbox 2365 4572 3048 4648">
    <p class='ocr_par' dir='ltr' id='par_1_187' title="bbox 2365 4572 3048 4648">
     <span class='ocr_line' id='line_1_188' title="bbox 2365 4572 3048 4648; baseline 0.01 -23"><span class='ocrx_word' id='word_1_867' title='bbox 2365 4572 2495 4648; x_wconf 89' lang='lat' dir='ltr'><strong>Ibid.</strong></span> <span class='ocrx_word' id='word_1_868' title='bbox 2565 4574 2880 4648; x_wconf 70' lang='lat' dir='ltr'><strong>Celebremus</strong></span> <span class='ocrx_word' id='word_1_869' title='bbox 2928 4594 3048 4648; x_wconf 89' lang='lat' dir='ltr'><strong>ergo</strong></span> 
     </span>
    </p>
   </div>
   <div class='ocr_carea' id='block_1_188' title="bbox 2866 4651 3048 4716">
    <p class='ocr_par' dir='ltr' id='par_1_188' title="bbox 2866 4651 3048 4716">
     <span class='ocr_line' id='line_1_189' title="bbox 2866 4651 3048 4716; baseline 0.016 -17"><span class='ocrx_word' id='word_1_870' title='bbox 2866 4651 3048 4716; x_wconf 89' lang='lat' dir='ltr'><strong>fratres</strong></span> 
     </span>
    </p>
   </div>
   <div class='ocr_carea' id='block_1_189' title="bbox 2294 4717 3050 4779">
    <p class='ocr_par' dir='ltr' id='par_1_189' title="bbox 2294 4717 3050 4779">
     <span class='ocr_line' id='line_1_190' title="bbox 2294 4717 3050 4779; baseline 0.011 -14"><span class='ocrx_word' id='word_1_871' title='bbox 2294 4717 2570 4779; x_wconf 87' lang='lat' dir='ltr'><strong>carissimi,</strong></span> <span class='ocrx_word' id='word_1_872' title='bbox 2625 4717 2900 4770; x_wconf 82' lang='lat' dir='ltr'><strong>adventum</strong></span> <span class='ocrx_word' id='word_1_873' title='bbox 2953 4719 3050 4773; x_wconf 88' lang='lat' dir='ltr'><strong>Dei</strong></span> 
     </span>
    </p>
   </div>
   <div class='ocr_carea' id='block_1_190' title="bbox 3195 4291 3864 4371">
    <p class='ocr_par' dir='ltr' id='par_1_190' title="bbox 3195 4291 3864 4371">
     <span class='ocr_line' id='line_1_191' title="bbox 3195 4291 3864 4371; baseline 0 -25"><span class='ocrx_word' id='word_1_874' title='bbox 3195 4291 3482 4371; x_wconf 68' lang='lat' dir='ltr'><strong>Id._Quare</strong></span> <span class='ocrx_word' id='word_1_875' title='bbox 3498 4293 3563 4346; x_wconf 86' lang='lat' dir='ltr'><strong>de</strong></span> <span class='ocrx_word' id='word_1_876' title='bbox 3577 4296 3693 4366; x_wconf 80' lang='lat' dir='ltr'><strong>ejus</strong></span> <span class='ocrx_word' id='word_1_877' title='bbox 3705 4291 3864 4371; x_wconf 56' lang='lat' dir='ltr'><strong>nativi-</strong></span> 
     </span>
    </p>
   </div>
   <div class='ocr_carea' id='block_1_191' title="bbox 3099 4365 3859 4431">
    <p class='ocr_par' dir='ltr' id='par_1_191' title="bbox 3099 4365 3859 4431">
     <span class='ocr_line' id='line_1_192' title="bbox 3099 4365 3859 4431; baseline -0.001 -15"><span class='ocrx_word' id='word_1_878' title='bbox 3099 4369 3222 4416; x_wconf 76' lang='lat' dir='ltr'><strong>&#39;tate</strong></span> <span class='ocrx_word' id='word_1_879' title='bbox 3257 4365 3540 4431; x_wconf 78' lang='lat' dir='ltr'><strong>litigamus,</strong></span> <span class='ocrx_word' id='word_1_880' title='bbox 3595 4365 3685 4416; x_wconf 87' lang='lat' dir='ltr'><strong>aut</strong></span> <span class='ocrx_word' id='word_1_881' title='bbox 3724 4365 3859 4415; x_wconf 75' lang='lat' dir='ltr'><strong>medi-</strong></span> 
     </span>
    </p>
   </div>
   <div class='ocr_carea' id='block_1_192' title="bbox 3123 4433 3863 4488">
    <p class='ocr_par' dir='ltr' id='par_1_192' title="bbox 3123 4433 3863 4488">
     <span class='ocr_line' id='line_1_193' title="bbox 3123 4433 3863 4488; baseline -0.005 -2"><span class='ocrx_word' id='word_1_882' title='bbox 3123 4451 3238 4487; x_wconf 90' lang='lat' dir='ltr'><strong>cum</strong></span> <span class='ocrx_word' id='word_1_883' title='bbox 3269 4444 3539 4488; x_wconf 86' lang='lat' dir='ltr'><strong>vocantem</strong></span> <span class='ocrx_word' id='word_1_884' title='bbox 3582 4452 3685 4487; x_wconf 86' lang='lat' dir='ltr'><strong>non</strong></span> <span class='ocrx_word' id='word_1_885' title='bbox 3708 4433 3863 4486; x_wconf 71' lang='lat' dir='ltr'><strong>audis-</strong></span> 
     </span>
    </p>
   </div>
   <div class='ocr_carea' id='block_1_193' title="bbox 3125 4505 3744 4572">
    <p class='ocr_par' dir='ltr' id='par_1_193' title="bbox 3125 4505 3744 4572">
     <span class='ocr_line' id='line_1_194' title="bbox 3125 4505 3744 4572; baseline 0 -15"><span class='ocrx_word' id='word_1_886' title='bbox 3125 4521 3236 4557; x_wconf 87' lang='lat' dir='ltr'><strong>mus</strong></span> <span class='ocrx_word' id='word_1_887' title='bbox 3259 4505 3408 4572; x_wconf 76' lang='lat' dir='ltr'><strong>(lege</strong></span> <span class='ocrx_word' id='word_1_888' title='bbox 3435 4506 3744 4572; x_wconf 76' lang='lat' dir='ltr'><strong>audimus)?</strong></span> 
     </span>
    </p>
   </div>
   <div class='ocr_carea' id='block_1_194' title="bbox 3127 4571 3864 4642">
    <p class='ocr_par' dir='ltr' id='par_1_194' title="bbox 3127 4571 3864 4642">
     <span class='ocr_line' id='line_1_195' title="bbox 3127 4571 3864 4642; baseline 0.001 -15"><span class='ocrx_word' id='word_1_889' title='bbox 3127 4630 3132 4636; x_wconf 61' lang='grc'><em>,</em></span> <span class='ocrx_word' id='word_1_890' title='bbox 3179 4571 3276 4627; x_wconf 75' lang='grc' dir='ltr'><strong>Μ.</strong></span> <span class='ocrx_word' id='word_1_891' title='bbox 3377 4571 3703 4629; x_wconf 77' lang='lat' dir='ltr'><strong>Celebremns</strong></span> <span class='ocrx_word' id='word_1_892' title='bbox 3763 4587 3864 4642; x_wconf 69' lang='lat' dir='ltr'><strong>ergo</strong></span> 
     </span>
    </p>
   </div>
   <div class='ocr_carea' id='block_1_195' title="bbox 3123 4643 3635 4712">
    <p class='ocr_par' dir='ltr' id='par_1_195' title="bbox 3123 4643 3635 4712">
     <span class='ocr_line' id='line_1_196' title="bbox 3123 4643 3635 4712; baseline 0.004 -14"><span class='ocrx_word' id='word_1_893' title='bbox 3123 4646 3256 4698; x_wconf 86' lang='lat' dir='ltr'><strong>diem</strong></span> <span class='ocrx_word' id='word_1_894' title='bbox 3279 4643 3495 4712; x_wconf 85' lang='lat' dir='ltr'><strong>festum,</strong></span> <span class='ocrx_word' id='word_1_895' title='bbox 3525 4643 3635 4700; x_wconf 81' lang='lat' dir='ltr'><strong>etc.</strong></span> 
     </span>
    </p>
   </div>
   <div class='ocr_carea' id='block_1_196' title="bbox 2292 4786 3854 4854">
    <p class='ocr_par' dir='ltr' id='par_1_196' title="bbox 2292 4786 3854 4854">
     <span class='ocr_line' id='line_1_197' title="bbox 2292 4786 3854 4854; baseline 0.001 -19"><span class='ocrx_word' id='word_1_896' title='bbox 2292 4795 2340 4854; x_wconf 78' lang='lat' dir='ltr'><strong>et</strong></span> <span class='ocrx_word' id='word_1_897' title='bbox 2381 4786 2597 4840; x_wconf 86' lang='lat' dir='ltr'><strong>hominis</strong></span> <span class='ocrx_word' id='word_1_898' title='bbox 2627 4790 2961 4854; x_wconf 85' lang='lat' dir='ltr'><strong>celebremus,</strong></span> <span class='ocrx_word' id='word_1_899' title='bbox 3007 4801 3060 4844; x_wconf 86' lang='lat' dir='ltr'><strong>ut</strong></span> <span class='ocrx_word' id='word_1_900' title='bbox 3114 4805 3204 4844; x_wconf 90' lang='lat' dir='ltr'><strong>nos</strong></span> <span class='ocrx_word' id='word_1_901' title='bbox 3239 4792 3308 4845; x_wconf 91' lang='lat' dir='ltr'><strong>ad</strong></span> <span class='ocrx_word' id='word_1_902' title='bbox 3349 4787 3518 4842; x_wconf 76' lang='lat' dir='ltr'><strong>Deum</strong></span> <span class='ocrx_word' id='word_1_903' title='bbox 3543 4797 3854 4842; x_wconf 64' lang='lat' dir='ltr'><strong>revertamur.</strong></span> 
     </span>
    </p>
   </div>
   <div class='ocr_carea' id='block_1_197' title="bbox 2294 4853 3394 4928">
    <p class='ocr_par' dir='ltr' id='par_1_197' title="bbox 2294 4853 3394 4928">
     <span class='ocr_line' id='line_1_198' title="bbox 2294 4853 3394 4928; baseline 0.006 -21"><span class='ocrx_word' id='word_1_904' title='bbox 2294 4853 2467 4926; x_wconf 84' lang='lat' dir='ltr'><strong>Igitur</strong></span> <span class='ocrx_word' id='word_1_905' title='bbox 2520 4857 2655 4910; x_wconf 89' lang='lat' dir='ltr'><strong>diem</strong></span> <span class='ocrx_word' id='word_1_906' title='bbox 2700 4859 2887 4928; x_wconf 87' lang='lat' dir='ltr'><strong>festum</strong></span> <span class='ocrx_word' id='word_1_907' title='bbox 2925 4853 3253 4928; x_wconf 83' lang='lat' dir='ltr'><strong>celebremus,</strong></span> <span class='ocrx_word' id='word_1_908' title='bbox 3285 4871 3394 4918; x_wconf 90' lang='lat' dir='ltr'><strong>etc.</strong></span> 
     </span>
    </p>
   </div>
   <div class='ocr_carea' id='block_1_198' title="bbox 2367 4949 3046 5022">
    <p class='ocr_par' dir='ltr' id='par_1_198' title="bbox 2367 4949 3046 5022">
     <span class='ocr_line' id='line_1_199' title="bbox 2367 4949 3046 5022; baseline 0.01 -21"><span class='ocrx_word' id='word_1_909' title='bbox 2367 4949 2500 5022; x_wconf 82' lang='lat' dir='ltr'><strong>Ibid.</strong></span> <span class='ocrx_word' id='word_1_910' title='bbox 2543 4949 2662 5004; x_wconf 86' lang='lat' dir='ltr'><strong>Non</strong></span> <span class='ocrx_word' id='word_1_911' title='bbox 2703 4952 3046 5022; x_wconf 86' lang='lat' dir='ltr'><strong>formationis,</strong></span> 
     </span>
    </p>
   </div>
   <div class='ocr_carea' id='block_1_199' title="bbox 2291 5021 2974 5089">
    <p class='ocr_par' dir='ltr' id='par_1_199' title="bbox 2291 5021 2974 5089">
     <span class='ocr_line' id='line_1_200' title="bbox 2291 5021 2974 5089; baseline 0.012 -18"><span class='ocrx_word' id='word_1_912' title='bbox 2291 5021 2376 5072; x_wconf 89' lang='lat' dir='ltr'><strong>sed</strong></span> <span class='ocrx_word' id='word_1_913' title='bbox 2401 5022 2797 5089; x_wconf 90' lang='lat' dir='ltr'><strong>reformationis.</strong></span> <span class='ocrx_word' id='word_1_914' title='bbox 2963 5028 2974 5041; x_wconf 89' lang='lat'>&#39;</span> 
     </span>
    </p>
   </div>
   <div class='ocr_carea' id='block_1_200' title="bbox 3194 4947 3864 5023">
    <p class='ocr_par' dir='ltr' id='par_1_200' title="bbox 3194 4947 3864 5023">
     <span class='ocr_line' id='line_1_201' title="bbox 3194 4947 3864 5023; baseline -0.007 -14"><span class='ocrx_word' id='word_1_915' title='bbox 3194 4954 3272 5009; x_wconf 87' lang='lat' dir='ltr'><strong>Id.</strong></span> <span class='ocrx_word' id='word_1_916' title='bbox 3315 4952 3442 5008; x_wconf 87' lang='lat' dir='ltr'><strong>Non</strong></span> <span class='ocrx_word' id='word_1_917' title='bbox 3481 4947 3864 5023; x_wconf 73' lang='lat' dir='ltr'><strong>informationis,</strong></span> 
     </span>
    </p>
   </div>
   <div class='ocr_carea' id='block_1_201' title="bbox 3122 5025 3645 5096">
    <p class='ocr_par' dir='ltr' id='par_1_201' title="bbox 3122 5025 3645 5096">
     <span class='ocr_line' id='line_1_202' title="bbox 3122 5025 3645 5096; baseline -0.002 -17"><span class='ocrx_word' id='word_1_918' title='bbox 3122 5026 3212 5080; x_wconf 90' lang='lat' dir='ltr'><strong>sed</strong></span> <span class='ocrx_word' id='word_1_919' title='bbox 3238 5025 3645 5096; x_wconf 86' lang='lat' dir='ltr'><strong>reformationis.</strong></span> 
     </span>
    </p>
   </div>
   <div class='ocr_carea' id='block_1_202' title="bbox 2822 5159 3356 5216">
    <p class='ocr_par' dir='ltr' id='par_1_202' title="bbox 2822 5159 3356 5216">
     <span class='ocr_line' id='line_1_203' title="bbox 2822 5159 3356 5216; baseline 0 -1"><span class='ocrx_word' id='word_1_920' title='bbox 2822 5159 3056 5216; x_wconf 75' lang='lat' dir='ltr'><strong>SERMO</strong></span> <span class='ocrx_word' id='word_1_921' title='bbox 3092 5159 3356 5216; x_wconf 75' lang='lat' dir='ltr'><strong>CXXXV.</strong></span> 
     </span>
    </p>
   </div>
   <div class='ocr_carea' id='block_1_203' title="bbox 2367 5269 3529 5342">
    <p class='ocr_par' dir='ltr' id='par_1_203' title="bbox 2367 5269 3529 5342">
     <span class='ocr_line' id='line_1_204' title="bbox 2367 5269 3529 5342; baseline 0.003 -18"><span class='ocrx_word' id='word_1_922' title='bbox 2367 5269 2583 5340; x_wconf 77' lang='lat' dir='ltr'><strong>Legitur</strong></span> <span class='ocrx_word' id='word_1_923' title='bbox 2623 5272 2676 5326; x_wconf 91' lang='lat' dir='ltr'><strong>in</strong></span> <span class='ocrx_word' id='word_1_924' title='bbox 2705 5273 2824 5328; x_wconf 85' lang='lat' dir='ltr'><strong>ce‘d.</strong></span> <span class='ocrx_word' id='word_1_925' title='bbox 2856 5273 3065 5331; x_wconf 79' lang='lat' dir='ltr'><strong>Cassia.</strong></span> <span class='ocrx_word' id='word_1_926' title='bbox 3095 5290 3241 5342; x_wconf 74' lang='lat' dir='ltr'><strong>cxvn,</strong></span> <span class='ocrx_word' id='word_1_927' title='bbox 3272 5274 3369 5330; x_wconf 89' lang='lat' dir='ltr'><strong>fol.</strong></span> <span class='ocrx_word' id='word_1_928' title='bbox 3405 5274 3529 5328; x_wconf 79' lang='lat' dir='ltr'><strong>l56.</strong></span> 
     </span>
    </p>
   </div>
   <div class='ocr_carea' id='block_1_204' title="bbox 2361 5361 3048 5437">
    <p class='ocr_par' dir='ltr' id='par_1_204' title="bbox 2361 5361 3048 5437">
     <span class='ocr_line' id='line_1_205' title="bbox 2361 5361 3048 5437; baseline 0.007 -22"><span class='ocrx_word' id='word_1_929' title='bbox 2361 5361 2426 5416; x_wconf 92' lang='grc' dir='ltr'><strong>Ν.</strong></span> <span class='ocrx_word' id='word_1_930' title='bbox 2475 5361 2878 5437; x_wconf 46' lang='grc' dir='ltr'><strong>1η1ηιειιί9ωτ</strong></span> <span class='ocrx_word' id='word_1_931' title='bbox 2929 5381 3048 5437; x_wconf 77' lang='lat' dir='ltr'><strong>pos-</strong></span> 
     </span>
    </p>
   </div>
   <div class='ocr_carea' id='block_1_205' title="bbox 2291 5434 2884 5504">
    <p class='ocr_par' dir='ltr' id='par_1_205' title="bbox 2291 5434 2884 5504">
     <span class='ocr_line' id='line_1_206' title="bbox 2291 5434 2884 5504; baseline 0.007 -17"><span class='ocrx_word' id='word_1_932' title='bbox 2291 5449 2490 5502; x_wconf 85' lang='lat' dir='ltr'><strong>sumus,</strong></span> <span class='ocrx_word' id='word_1_933' title='bbox 2533 5434 2716 5504; x_wconf 89' lang='lat' dir='ltr'><strong>fratres</strong></span> <span class='ocrx_word' id='word_1_934' title='bbox 2733 5477 2749 5500; x_wconf 94' lang='lat'><strong>,</strong></span> <span class='ocrx_word' id='word_1_935' title='bbox 2765 5434 2884 5491; x_wconf 86' lang='lat' dir='ltr'><strong>etc.</strong></span> 
     </span>
    </p>
   </div>
   <div class='ocr_carea' id='block_1_206' title="bbox 2365 5504 3044 5561">
    <p class='ocr_par' dir='ltr' id='par_1_206' title="bbox 2365 5504 3044 5561">
     <span class='ocr_line' id='line_1_207' title="bbox 2365 5504 3044 5561; baseline 0.004 -4"><span class='ocrx_word' id='word_1_936' title='bbox 2365 5505 2494 5558; x_wconf 89' lang='lat' dir='ltr'><strong>Ibid.</strong></span> <span class='ocrx_word' id='word_1_937' title='bbox 2541 5504 2846 5560; x_wconf 70' lang='lat' dir='ltr'><strong>Exultamus</strong></span> <span class='ocrx_word' id='word_1_938' title='bbox 2892 5507 3044 5561; x_wconf 83' lang='lat' dir='ltr'><strong>Chri-</strong></span> 
     </span>
    </p>
   </div>
   <div class='ocr_carea' id='block_1_207' title="bbox 2290 5573 3046 5643">
    <p class='ocr_par' dir='ltr' id='par_1_207' title="bbox 2290 5573 3046 5643">
     <span class='ocr_line' id='line_1_208' title="bbox 2290 5573 3046 5643; baseline 0.004 -16"><span class='ocrx_word' id='word_1_939' title='bbox 2290 5582 2427 5628; x_wconf 87' lang='lat' dir='ltr'><strong>stum</strong></span> <span class='ocrx_word' id='word_1_940' title='bbox 2495 5573 2775 5629; x_wconf 90' lang='lat' dir='ltr'><strong>Dominum</strong></span> <span class='ocrx_word' id='word_1_941' title='bbox 2839 5587 3046 5643; x_wconf 82' lang='lat' dir='ltr'><strong>natum;</strong></span> 
     </span>
    </p>
   </div>
   <div class='ocr_carea' id='block_1_208' title="bbox 2289 5647 3046 5718">
    <p class='ocr_par' dir='ltr' id='par_1_208' title="bbox 2289 5647 3046 5718">
     <span class='ocr_line' id='line_1_209' title="bbox 2289 5647 3046 5718; baseline 0.003 -19"><span class='ocrx_word' id='word_1_942' title='bbox 2289 5647 2482 5718; x_wconf 76' lang='lat' dir='ltr'><strong>etiam</strong></span> <span class='ocrx_word' id='word_1_943' title='bbox 2521 5663 2638 5699; x_wconf 91' lang='lat' dir='ltr'><strong>eum</strong></span> <span class='ocrx_word' id='word_1_944' title='bbox 2671 5647 2905 5701; x_wconf 79' lang='lat' dir='ltr'><strong>ltetamur</strong></span> <span class='ocrx_word' id='word_1_945' title='bbox 2951 5663 3046 5718; x_wconf 88' lang='lat' dir='ltr'><strong>pro</strong></span> 
     </span>
    </p>
   </div>
   <div class='ocr_carea' id='block_1_209' title="bbox 2290 5717 3046 5789">
    <p class='ocr_par' dir='ltr' id='par_1_209' title="bbox 2290 5717 3046 5789">
     <span class='ocr_line' id='line_1_210' title="bbox 2290 5717 3046 5789; baseline 0.005 -21"><span class='ocrx_word' id='word_1_946' title='bbox 2290 5717 2456 5789; x_wconf 86' lang='lat' dir='ltr'><strong>salute</strong></span> <span class='ocrx_word' id='word_1_947' title='bbox 2478 5719 2687 5771; x_wconf 88' lang='lat' dir='ltr'><strong>humani</strong></span> <span class='ocrx_word' id='word_1_948' title='bbox 2707 5719 2904 5789; x_wconf 88' lang='lat' dir='ltr'><strong>generis</strong></span> <span class='ocrx_word' id='word_1_949' title='bbox 2930 5717 3046 5788; x_wconf 82' lang='lat' dir='ltr'><strong>bap-</strong></span> 
     </span>
    </p>
   </div>
   <div class='ocr_carea' id='block_1_210' title="bbox 2291 5787 2523 5843">
    <p class='ocr_par' dir='ltr' id='par_1_210' title="bbox 2291 5787 2523 5843">
     <span class='ocr_line' id='line_1_211' title="bbox 2291 5787 2523 5843; baseline 0.013 -3"><span class='ocrx_word' id='word_1_950' title='bbox 2291 5787 2523 5843; x_wconf 76' lang='lat' dir='ltr'><strong>tizatum.</strong></span> 
     </span>
    </p>
   </div>
   <div class='ocr_carea' id='block_1_211' title="bbox 2365 5857 3047 5915">
    <p class='ocr_par' dir='ltr' id='par_1_211' title="bbox 2365 5857 3047 5915">
     <span class='ocr_line' id='line_1_212' title="bbox 2365 5857 3047 5915; baseline 0.006 -5"><span class='ocrx_word' id='word_1_951' title='bbox 2365 5858 2494 5912; x_wconf 89' lang='lat' dir='ltr'><strong>Ibid.</strong></span> <span class='ocrx_word' id='word_1_952' title='bbox 2543 5857 2647 5913; x_wconf 77' lang='lat' dir='ltr'><strong>Via:</strong></span> <span class='ocrx_word' id='word_1_953' title='bbox 2673 5868 2824 5915; x_wconf 87' lang='lat' dir='ltr'><strong>natus</strong></span> <span class='ocrx_word' id='word_1_954' title='bbox 2851 5867 2924 5915; x_wconf 89' lang='lat' dir='ltr'><strong>est</strong></span> <span class='ocrx_word' id='word_1_955' title='bbox 2944 5859 3047 5914; x_wconf 91' lang='lat' dir='ltr'><strong>ho-</strong></span> 
     </span>
    </p>
   </div>
   <div class='ocr_carea' id='block_1_212' title="bbox 2292 5929 2529 5985">
    <p class='ocr_par' dir='ltr' id='par_1_212' title="bbox 2292 5929 2529 5985">
     <span class='ocr_line' id='line_1_213' title="bbox 2292 5929 2529 5985; baseline 0.013 -3"><span class='ocrx_word' id='word_1_956' title='bbox 2292 5929 2529 5985; x_wconf 87' lang='lat' dir='ltr'><strong>minibus.</strong></span> 
     </span>
    </p>
   </div>
   <div class='ocr_carea' id='block_1_213' title="bbox 3190 5365 3864 5436">
    <p class='ocr_par' dir='ltr' id='par_1_213' title="bbox 3190 5365 3864 5436">
     <span class='ocr_line' id='line_1_214' title="bbox 3190 5365 3864 5436; baseline -0.007 -15"><span class='ocrx_word' id='word_1_957' title='bbox 3190 5367 3324 5421; x_wconf 87' lang='lat' dir='ltr'><strong>Cod.</strong></span> <span class='ocrx_word' id='word_1_958' title='bbox 3411 5365 3536 5420; x_wconf 82' lang='lat' dir='ltr'><strong>Non</strong></span> <span class='ocrx_word' id='word_1_959' title='bbox 3633 5367 3864 5436; x_wconf 70' lang='lat' dir='ltr'><strong>explicare</strong></span> 
     </span>
    </p>
   </div>
   <div class='ocr_carea' id='block_1_214' title="bbox 3118 5441 3775 5506">
    <p class='ocr_par' dir='ltr' id='par_1_214' title="bbox 3118 5441 3775 5506">
     <span class='ocr_line' id='line_1_215' title="bbox 3118 5441 3775 5506; baseline -0.002 -15"><span class='ocrx_word' id='word_1_960' title='bbox 3118 5453 3412 5506; x_wconf 81' lang='lat' dir='ltr'><strong>possumus,</strong></span> <span class='ocrx_word' id='word_1_961' title='bbox 3437 5441 3647 5504; x_wconf 82' lang='lat' dir='ltr'><strong>fratres,</strong></span> <span class='ocrx_word' id='word_1_962' title='bbox 3671 5449 3775 5492; x_wconf 84' lang='lat' dir='ltr'><strong>etc.</strong></span> 
     </span>
    </p>
   </div>
   <div class='ocr_carea' id='block_1_215' title="bbox 3192 5505 3862 5562">
    <p class='ocr_par' dir='ltr' id='par_1_215' title="bbox 3192 5505 3862 5562">
     <span class='ocr_line' id='line_1_216' title="bbox 3192 5505 3862 5562; baseline -0.004 -2"><span class='ocrx_word' id='word_1_963' title='bbox 3192 5506 3273 5562; x_wconf 91' lang='lat' dir='ltr'><strong>Id.</strong></span> <span class='ocrx_word' id='word_1_964' title='bbox 3349 5505 3664 5561; x_wconf 72' lang='lat' dir='ltr'><strong>Exultamus</strong></span> <span class='ocrx_word' id='word_1_965' title='bbox 3710 5516 3862 5560; x_wconf 77' lang='lat' dir='ltr'><strong>natust</strong></span> 
     </span>
    </p>
   </div>
   <div class='ocr_carea' id='block_1_216' title="bbox 3119 5578 3862 5646">
    <p class='ocr_par' dir='ltr' id='par_1_216' title="bbox 3119 5578 3862 5646">
     <span class='ocr_line' id='line_1_217' title="bbox 3119 5578 3862 5646; baseline -0.012 -13"><span class='ocrx_word' id='word_1_966' title='bbox 3119 5578 3467 5641; x_wconf 83' lang='lat' dir='ltr'><strong>Salvatorem,</strong></span> <span class='ocrx_word' id='word_1_967' title='bbox 3499 5588 3545 5632; x_wconf 89' lang='lat' dir='ltr'><strong>et</strong></span> <span class='ocrx_word' id='word_1_968' title='bbox 3592 5582 3707 5646; x_wconf 75' lang='lat' dir='ltr'><strong>jam</strong></span> <span class='ocrx_word' id='word_1_969' title='bbox 3752 5588 3862 5630; x_wconf 76' lang='lat' dir='ltr'><strong>nuc</strong></span> 
     </span>
    </p>
   </div>
   <div class='ocr_carea' id='block_1_217' title="bbox 3119 5650 3862 5705">
    <p class='ocr_par' dir='ltr' id='par_1_217' title="bbox 3119 5650 3862 5705">
     <span class='ocr_line' id='line_1_218' title="bbox 3119 5650 3862 5705; baseline -0.004 -1"><span class='ocrx_word' id='word_1_970' title='bbox 3119 5667 3238 5704; x_wconf 87' lang='lat' dir='ltr'><strong>eum</strong></span> <span class='ocrx_word' id='word_1_971' title='bbox 3291 5650 3528 5704; x_wconf 67' lang='lat' dir='ltr'><strong>latamur</strong></span> <span class='ocrx_word' id='word_1_972' title='bbox 3577 5666 3690 5705; x_wconf 89' lang='lat' dir='ltr'><strong>esse</strong></span> <span class='ocrx_word' id='word_1_973' title='bbox 3735 5661 3862 5702; x_wconf 72' lang='lat' dir='ltr'><strong>reu-</strong></span> 
     </span>
    </p>
   </div>
   <div class='ocr_carea' id='block_1_218' title="bbox 3121 5731 3252 5775">
    <p class='ocr_par' dir='ltr' id='par_1_218' title="bbox 3121 5731 3252 5775">
     <span class='ocr_line' id='line_1_219' title="bbox 3121 5731 3252 5775; baseline 0.015 -2"><span class='ocrx_word' id='word_1_974' title='bbox 3121 5731 3252 5775; x_wconf 88' lang='lat' dir='ltr'><strong>tum.</strong></span> 
     </span>
    </p>
   </div>
   <div class='ocr_carea' id='block_1_219' title="bbox 3191 5860 3855 5931">
    <p class='ocr_par' dir='ltr' id='par_1_219' title="bbox 3191 5860 3855 5931">
     <span class='ocr_line' id='line_1_220' title="bbox 3191 5860 3855 5931; baseline -0.008 -14"><span class='ocrx_word' id='word_1_975' title='bbox 3191 5861 3269 5917; x_wconf 90' lang='lat' dir='ltr'><strong>Id.</strong></span> <span class='ocrx_word' id='word_1_976' title='bbox 3319 5860 3420 5915; x_wconf 73' lang='lat' dir='ltr'><strong>Via:</strong></span> <span class='ocrx_word' id='word_1_977' title='bbox 3433 5860 3718 5931; x_wconf 74' lang='lat' dir='ltr'><strong>aliquando</strong></span> <span class='ocrx_word' id='word_1_978' title='bbox 3731 5866 3855 5912; x_wconf 68' lang='grc' dir='ltr'><strong>παιι</strong></span> 
     </span>
    </p>
   </div>
   <div class='ocr_carea' id='block_1_220' title="bbox 3123 5932 3685 5988">
    <p class='ocr_par' dir='ltr' id='par_1_220' title="bbox 3123 5932 3685 5988">
     <span class='ocr_line' id='line_1_221' title="bbox 3123 5932 3685 5988; baseline 0 0"><span class='ocrx_word' id='word_1_979' title='bbox 3123 5942 3199 5988; x_wconf 90' lang='lat' dir='ltr'><strong>est</strong></span> <span class='ocrx_word' id='word_1_980' title='bbox 3231 5932 3486 5988; x_wconf 81' lang='lat' dir='ltr'><strong>Dominus</strong></span> <span class='ocrx_word' id='word_1_981' title='bbox 3515 5934 3685 5988; x_wconf 80' lang='lat' dir='ltr'><strong>terris.</strong></span> 
     </span>
    </p>
   </div>
  </div>
