3886 6476
27 322 158 382 1253

84 436 218 494 Ibid.
297 434 540 503 Essetque
607 435 769 490 conti-

27 521 176 564 tuata
205 506 465 577 festivitas.

85 575 220 635 Ibid.
262 575 576 648 Incorrupta
609 585 771 632 matre

27 650 355 721 irogenitum.

87 718 222 776 Ibid.
254 718 366 774 Ista
387 719 530 774 nobis
556 718 774 773 contulit

27 793 495 861 sanctiﬁcationem.

83 863 219 918 Ibid.
247 861 350 916 Illa
373 878 531 916 unum
545 877 777 932 procrea-

27 934 109 1000 tit,
138 944 187 987 et
236 935 375 1007 virgo
402 944 473 988 est
495 949 515 999 ,'
549 933 648 986 ista
676 949 775 1004 ge-

27 1013 164 1059 terat
192 1006 396 1075 plures,
426 1012 474 1059 et
502 1020 630 1073 pura
677 1012 770 1059 est.

81 1145 150 1201 Ν.
173 1145 227 1200 2.
254 1146 495 1202 Pessime
514 1155 569 1200 et
588 1155 775 1199 contra

27 1218 352 1289 sensumqui
392 1229 512 1270 tunc
552 1216 776 1270 Mariam

27 1288 293 1358 :astigavit.

83 1360 217 1414 Ibid.
249 1359 314 1414 In
340 1375 447 1431 quo
488 1358 611 1412 mihi
652 1360 776 1414 bene

27 1431 322 1498 :omplacui.
354 1429 361 1431 ἡ
399 1429 529 1502 Ηιξσ
614 1431 779 1502 prima

27 1502 333 1556 tractarior.
465 1500 779 1557 Prwclarior

27 1571 172 1626 itane
201 1581 275 1626 est
312 1572 565 1636 secunda,
623 1590 778 1643 quam

27 1644 189 1695 rrima
239 1645 495 1698 nativitas.
549 1643 682 1699 Male
724 1653 781 1699 et

27 1716 220 1781 tbsque
241 1730 420 1768 sensu.

83 1785 217 1838 Ibid.
236 1783 349 1839 Ista
372 1802 485 1838 cum
502 1786 779 1841 divinitatis

27 1855 335 1937 trofessi0tte
374 1855 653 1911 Dominum
683 1858 775 1912 ba-

27 1928 249 1979 rtizavit.

85 1998 159 2051 Ν.
182 1998 236 2052 5.
276 1997 470 2052 Caelum
497 1999 776 2055 subtilitate

27 2071 295 2145 suspendit,
316 2082 503 2122 terram
515 2079 645 2125 mole
661 2074 774 2145 [un-

27 2140 175 2193 lavit.

84 2205 219 2293 Ibid.
263 2212 489 2266 Joannes
538 2210 775 2284 Baptista

27 2293 371 2336 rommmatur.

85 2353 220 2428 Ibid.
260 2354 390 2428 Qui:
418 2370 645 2428 normam
680 2358 773 2428 ju-

28 2432 106 2479 tte
134 2425 453 2479 discretionis
482 2425 771 2480 excesserit.

90 2495 154 2549 Ν.
178 2495 234 2567 Δ.
252 2494 351 2550 Ubi
362 2497 538 2564 purior
551 2507 623 2551 est
640 2497 775 2567 fonte

29 2566 102 2619 lle
122 2566 212 2635 qui
228 2569 494 2637 mergitur.
642 2566 645 2567 ⁷
752 2622 753 2625 η

89 2637 223 2691 Ibid.
250 2637 398 2692 Exeo
422 2640 642 2693 omnium
665 2657 778 2712 gur-

27 2709 179 2775 Jitum
226 2717 418 2763 tractus
452 2709 777 2766 cunctorum-

27 2794 109 2847 με
131 2780 352 2852 fontium
366 2796 515 2833 venas
536 2785 775 2852 mysterio

27 2850 327 2919 raptismatis
362 2850 689 2907 consecravit.

86 2920 221 2974 Ibid.
321 2920 483 2975 Nobis
582 2927 773 2990 ﬂuenta

27 2991 302 3045 nundaret.
331 2992 534 3049 Deinde
562 2994 773 3066 integer

27 3076 271 3135 (numerus
357 3068 594 3133 sequitur
680 3068 769 3135 qui

28 3134 165 3206 leest
207 3134 262 3206 in
294 3137 441 3202 cod.,
469 3144 525 3191 et
553 3136 645 3206 qui
688 3134 770 3192 est

27 3201 80 3257 Ie
110 3201 296 3275 Magis.

1240 274 1620 372 LECTIONES
1660 316 2067 374 nummus.

914 429 991 487 Id.
1037 430 1280 509 lisse/que
1295 432 1404 486 nati
1430 433 1595 487 conti-
1622 441 1675 499 Α
1741 433 1906 509 _Ibid.
1941 436 2112 503 Super
2144 446 2283 495 astra
2333 455 2459 509 pm-

840 513 999 556 nuata
1022 504 1285 574 festivitas.

911 575 987 629 Id.
1026 573 1029 574 ⁷
1077 573 1366 647 lmpolluta
1433 585 1595 628 matre

838 654 1156 713 conceptum.

918 715 993 769 Id.
1040 715 1153 770 Ista
1192 717 1335 771 nobis
1379 716 1598 771 contulit

844 796 1161 841 sanctitatem
1168 829 1182 840 .

880 929 889 937 ι
914 855 991 912 Id.
1020 858 1128 912 Illa
1159 874 1318 913 unum
1354 874 1596 937 procrea-

847 931 932 994 vit,
960 938 1009 983 et
1039 947 1166 998 pura
1194 940 1303 997 est;
1346 931 1446 983 ista
1473 947 1600 999 quo-

846 1000 968 1081 tidie
1023 1009 1229 1073 generat
1280 1001 1493 1071 plures,
1551 1009 1600 1056 et

847 1080 988 1141 virgo
1011 1080 1106 1126 est.
1133 1142 1145 1154 .
1336 1143 1346 1154 _

1026 1145 1346 1223 (Iguium-qut
1375 1150 1492 1197 tunc
1516 1157 1603 1196 ca-

844 1214 1082 1283 stiﬁcavit
1111 1213 1353 1268 Mariam.

920 1355 993 1411 Id.
1039 1354 1104 1410 In
1156 1372 1258 1428 quo
1311 1355 1438 1411 mihi
1481 1356 1608 1411 bene

848 1428 1160 1499 complacui;
1201 1429 1370 1499 ipsum
1407 1429 1600 1483 audite.

850 1496 1161 1553 Prteclarior
1171 1496 1320 1569 plane
1334 1511 1407 1552 est
1421 1514 1606 1552 secun-

850 1570 938 1637 da,
967 1586 1122 1642 quam
1150 1572 1317 1641 prima
1340 1570 1603 1624 nativitas.

914 1784 991 1838 Id.
1022 1780 1135 1837 Ista
1166 1799 1283 1837 cum
1328 1783 1606 1837 divinitatis

3150 330 3292 387 1254

2601 440 2681 497 Id.
2714 440 2888 515 S_uper
2907 452 3048 499 astra
3074 450 3294 515 pracla-

2528 525 2638 566 rus.
2718 512 3002 570 Ferebatur
3052 512 3166 571 ecce
3226 522 3291 575 ab

2529 583 2727 653 angelis
2775 595 2982 641 ventura
3029 603 3151 643 caro
3174 631 3189 656 ,
3242 599 3293 644 et

2530 658 2657 722 poti,
2672 665 2777 710 etc.

2602 725 2678 781 Id.
2756 726 2841 781 Na

1702 505 1874 562 clarus
1905 522 1925 562 :
1951 518 1999 562 et
2029 509 2157 579 poli,
2183 520 2288 565 etc.

1770 719 1834 775 Ν.
1866 721 1923 776 2.
1970 721 2208 790 Namque
2244 725 2298 776 in
2342 740 2459 778 Imtl

1698 793 1809 861 poli
1835 793 1953 846 laeta
1974 796 2286 848 carminibus
2301 797 2461 866 regia,

1697 872 1803 919 etc.

1771 933 1837 988 N.
1859 934 1913 990 5.
1940 935 2123 1005 Siquis
2150 954 2204 993 se
2226 936 2294 991 ad
2316 936 2464 992 Cltri-

1700 1009 2337 1082 stum_ten_uerit,etunius
2358 1012 2469 1063 sub-
2539 1012 2766 1080 perﬁdiae
2810 1009 3044 1082 caligine,
3095 1017 3207 1080 ejus
3246 1028 3301 1068 se

1706 1076 1904 1154 statuite
1920 1078 2466 1154 Patremetlt'tliumet
2538 1076 2803 1154 pra'ceptis
2841 1076 3133 1153 ac'jussis,
3177 1083 3299 1137 totis

1711 1146 1962 1223 Spiritum
1985 1162 2242 1223 sanctum
2268 1152 2471 1219 confes-
2538 1146 2732 1207 nisibus
2756 1146 3300 1223 obtemperare-volue-

1710 1233 1791 1275 sits
1819 1288 1832 1300 .
1862 1219 2016 1287 fuerit
2044 1259 2059 1284 ,
2110 1221 2252 1300 caeli-
2276 1223 2469 1300 junuas
2542 1226 2631 1289 rit,
2687 1226 2796 1281 cmli
2842 1219 3166 1300 paradisique
3195 1228 3299 1300 ja-

1704 1304 1794 1359 per
1812 1291 1980 1359 ipsum
2006 1307 2213 1347 securus
2236 1293 2463 1350 intrabit.
2544 1312 2671 1352 uuas
2699 1291 2908 1352 securus
2936 1291 3166 1362 intrabit,
3188 1291 3297 1355 διο.

1707 1361 1890 1415 Amen.
2542 1368 2721 1415 Anien-
3128 1379 3136 1389 '

1835 1376 1890 1418 n.
2542 1368 2721 1424 Amen.
3128 1379 3136 1389 '

2846 744 2992 798 mque
3049 730 3103 798 in
3177 731 3295 785 imis

2539 792 2834 871 [Cod.male
2844 792 3103 871 lacrgmis]
3123 801 3300 856 laxata

2537 870 2829 924 cardinibus
2858 887 3020 940 regia,
3044 870 3152 927 etv.

2610 939 2685 993 Id.
2717 941 2776 996 Si
2801 939 2925 1011 quis,
2945 958 3065 1012 ergo
3083 984 3100 1009 ,
3128 951 3301 1008 spreta

2287 1491 2459 1535 SERIO
2486 1494 2715 1536 CLXXXV.

1778 1562 1996 1635 Legitur
2020 1565 2074 1621 in
2103 1565 2224 1622 cod.
2253 1568 2463 1625 Cassia.
2486 1585 2605 1638 van,
2638 1571 2729 1626 fol.
2753 1571 2885 1638 254,
2914 1571 3006 1627 ubi
3027 1587 3082 1626 η.
3112 1571 3171 1638 2,
3197 1585 3298 1643 pro

1710 1656 1795 1713 bis
1818 1660 1995 1715 verbis
2024 1676 2038 1712 :
2062 1658 2284 1716 Necesse
2304 1672 2385 1717 est
2406 1664 2565 1734 igitur
2591 1675 2646 1719 ut
2675 1665 2829 1718 unius
2856 1666 2922 1718 sit
2951 1680 3066 1718 cum
3093 1664 3299 1720 Christo

1710 1750 2025 1820 substantiae,
2049 1770 2198 1823 quem
2218 1755 2468 1822 videmus,
2497 1768 2628 1827 etc.,
2658 1756 2924 1812 habetur:
2948 1757 3181 1812 Necesse
3228 1764 3304 1812 est

849 1830 1181 1924 priﬁgiéie;
1200 1830 1605 1925 ᾞὶοτῖὸξῖᾝδξ
1634 1830 1685 1892 Β
1707 1842 1931 1913 igiturut
1948 1842 2101 1899 unius
2116 1846 2508 1916 sitsubstantiaz,
2528 1850 2679 1904 unius
2707 1857 2906 1905 natura:
2932 1865 3050 1905 cunt
3073 1844 3300 1918 Christo,

849 1928 1041 1980 minum
1070 1926 1363 1995 baptizavit.

921 1997 995 2052 Id.
1077 1996 1201 2051 Caeli
1275 1996 1606 2051 subtilitatem

844 2068 1129 2137 suspendit,
1201 2077 1351 2122 terra:
1419 2068 1605 2122 molem

844 2141 1102 2212 fundavit.

919 2212 996 2267 Id.
1026 2210 1257 2265 Joannes
1282 2209 1602 2271 beatissimus

847 2290 1174 2353 protestatur.

915 2353 993 2408 Id.
1017 2354 1143 2418 Quae
1163 2367 1397 2408 normam
1405 2355 1605 2424 justam

847 2429 1137 2480 excesserit.
1412 2478 1417 2483 ,

918 2497 994 2550 Id.
1066 2493 1165 2550 Ubi
1238 2495 1417 2565 purior
1490 2494 1604 2564 ipso

846 2568 1002 2639 fonte,
1036 2568 1123 2639 ille
1146 2565 1234 2637 qui
1264 2566 1528 2639 mergitur.

920 2639 994 2693 Id.
1029 2635 1116 2691 Ea:
1141 2635 1198 2691 eo
1226 2638 1453 2690 omnium
1482 2652 1605 2706 gur-

846 2710 1009 2781 gitum
1074 2717 1266 2762 tractus
1336 2723 1605 2762 consecra-

849 2795 937 2836 υιι.

918 2926 997 2980 Id.
1042 2923 1205 2978 Nobis
1234 2923 1427 2992 ﬂuenta
1456 2936 1604 2976 mun-

845 2995 991 3049 daret
1019 2997 1130 3064 ipse
1152 2995 1236 3062 qui
1284 3000 1358 3046 est
1402 2991 1605 3064 benedi-

845 3074 955 3119 ctus
980 3062 1050 3119 in'
1063 3065 1254 3120 sarcula
1272 3062 1602 3117 sreculorum.

820 3202 829 3212 ι
842 3136 1004 3189 Amen
1013 3175 1026 3189 .

635 3314 810 3359 εειυιο
837 3316 999 3357 CXLII.

82 3385 302 3458 Legitur
330 3388 382 3443 in
412 3390 532 3446 cod.
561 3389 771 3449 Cassia.
804 3408 913 3458 ενι,
947 3392 1041 3447 fol.
1070 3388 1168 3445 56I
1224 3403 1256 3443 a
1310 3397 1476 3458 tergo,
1522 3386 1614 3444 ubi

27 3495 70 3534 I.
87 3480 113 3534 I
136 3479 629 3548 horumyerborutn
655 3486 771 3554 loco
791 3502 803 3540 :
823 3484 1083 3540 Secretius
1103 3482 1198 3537 sibi
1217 3480 1335 3546 soli,
1360 3488 1452 3533 aut
1473 3479 1517 3532 si
1539 3486 1614 3534 est

27 3573 148 3626 tlius
176 3572 437 3642 inﬁrmus,
468 3590 584 3628 cum
614 3576 727 3646 ipso
772 3577 869 3631 sibi
913 3577 973 3630 in
1020 3576 1176 3629 domo
1221 3591 1316 3629 sua
1362 3581 1613 3642 praeparet

27 3663 151 3731 puod
178 3665 419 3735 accipiat,
447 3674 493 3720 et
521 3667 638 3720 illos
667 3666 754 3735 qui
784 3668 898 3722 sani
929 3675 1048 3721 sunt
1080 3676 1127 3720 et
1146 3666 1390 3736 jejunare
1416 3680 1614 3736 prteva-

28 3756 119 3812 ‘ent
143 3757 211 3811 ad
222 3758 493 3827 prandium
506 3774 609 3812 non
633 3759 825 3824 invitet,
845 3759 1098 3815 habetur:
1125 3758 1384 3815 Secretius
1409 3767 1497 3812 aut
1518 3759 1615 3815 sibi

27 3848 113 3903 loli
138 3858 231 3903 aut
265 3849 356 3903 alii
382 3848 600 3917 inﬁrmo
644 3851 879 3903 similiter
935 3849 1092 3920 faciat
1135 3862 1445 3919 prceparare,
1493 3849 1614 3919 quia

27 3958 118 3999 ton
145 3942 193 3997 ei
222 3950 418 4011 Oportet
435 3943 659 4015 aliquem
684 3961 869 4019 sanum
895 3960 1081 4015 rogare
1107 3945 1176 3996 ad
1205 3944 1502 4014 prandium.

587 4053 762 4094 δεκιο
787 4052 1031 4093 CLXXVII.

84 4131 309 4203 Legitur
339 4132 391 4186 in
414 4132 534 4187 cod.
562 4132 771 4187 Cassiu.
797 4145 942 4198 xcnx,
970 4132 1062 4185 Iol.
1086 4130 1217 4198 207,
1243 4129 1334 4185 ubi
1363 4146 1417 4186 n.
1448 4130 1472 4182 I
1502 4146 1615 4185 ma-

27 4242 179 4300 gnum
202 4225 484 4295 corrigitur
513 4224 980 4281 Benedictinorum
1004 4224 1282 4291 mendum,
1305 4225 1396 4295 qui
1419 4240 1614 4294 posue-

1708 1936 2124 2007 quemvidemls,
2151 1947 2258 1994 etc.

1838 2018 1849 2027 ’
2118 2028 2123 2033 ’
2283 2046 2457 2088 annuo
2484 2049 2734 2091 ccxxx".

1779 2119 1999 2193 Legitur
2042 2122 2096 2177 in
2125 2122 2247 2178 cod.
2278 2124 2488 2181 Cassia.
2524 2141 2679 2193 xcnt,
2714 2124 2809 2183 fol.
2838 2126 2947 2185 229
2970 2142 3003 2185 a
3032 2138 3201 2202 tergo,
3245 2134 3304 2186 et

1707 2211 1765 2267 in
1785 2212 1908 2270 cod.
1938 2215 2136 2282 pariter
2165 2216 2375 2274 Cassia.
2402 2233 2570 2288 cccv,
2599 2221 2690 2273 tol.
2721 2220 2844 2288 102,
2879 2222 2967 2277 ubi
3016 2232 3137 2291 post
3177 2221 3293 2280 hac

1708 2302 1870 2358 verba
1884 2305 1983 2377 n.'.I
2012 2305 2234 2361 :Christi
2259 2309 2402 2379 pium
2429 2326 2727 2379 ascensum,
2753 2313 2985 2369 additur:
3017 2314 3191 2385 Hodie
3215 2332 3303 2371 ce-

1709 2394 1965 2451 lebramus
2011 2399 2262 2455 visitantis
2308 2405 2473 2458 sancti
2522 2403 2752 2475 Spiritus
2797 2420 3209 2478 sacramentum;
3248 2420 3306 2470 et

1708 2486 1904 2546 deinde
1924 2499 2042 2559 post
2060 2491 2176 2547 hazc
2195 2493 2320 2560 alia,
2346 2497 2624 2565 propinans
2639 2500 2793 2554 servis
2805 2517 3015 2556 munera
3037 2503 3305 2574 libertatis,

1710 2579 1863 2650 plura
1880 2582 2063 2654 adjicit
2083 2585 2333 2655 scriptor,
2349 2601 2469 2656 quae
2491 2591 2745 2645 mendosa
2765 2602 2891 2647 sunt
2912 2594 2966 2648 in
2987 2595 3110 2649 cod.
3137 2609 3303 2664 cccv,

1709 2677 1805 2733 sed
1833 2677 1987 2748 plana
2020 2679 2073 2734 in
2111 2681 2233 2735 cod.
2268 2696 2413 2749 xctx,
2456 2695 2509 2739 et
2553 2700 2781 2753 quorum
2821 2687 2943 2742 talis
2982 2699 3066 2743 est
3102 2699 3299 2745 tenor:

1709 2766 1869 2836 Bene,
1894 2772 2078 2841 inquit,
2106 2771 2243 2826 hunc
2268 2774 2400 2827 diem
2426 2774 2610 2830 Tobias
2635 2776 2787 2848 [Cod.
2812 2793 2944 2834 cccv
2969 2778 3150 2848 Tobis,
3174 2781 3300 2837 cod.

1707 2876 1832 2916 XCIX
1862 2861 2027 2936 nobis]
2057 2864 2144 2918 ille
2172 2862 2269 2918 Dei
2314 2866 2509 2921 amicus
2551 2870 2900 2939 temporaliter
2945 2882 3185 2939 caecatus,
3216 2874 3307 2942 qui

1712 2956 1881 3011 lumen
1901 2959 2049 3028 quasi
2078 2975 2180 3013 non
2201 2958 2436 3026 habebat,
2463 2970 2511 3014 et
2541 2962 2710 3015 lumen
2724 2963 2947 3032 justitite
2975 2965 3299 3042 propinabat,

1712 3063 1885 3104 notum
1904 3051 2138 3121 habebat,
2156 3054 2363 3123 quando
2384 3052 2581 3108 dicebat
2599 3069 2619 3109 .'
2637 3054 2663 3106 Ι
2673 3057 2809 3122 bam,
2827 3057 3012 3125 inquit,
3028 3058 3097 3109 ad
3118 3055 3292 3121 Dente.

1713 3153 1885 3197 costen
1906 3144 2041 3197 diem
2065 3148 2281 3212 festum,
2321 3148 2411 3215 qui
2431 3155 2504 3200 est
2526 3155 2735 3202 sanctus
2784 3164 2820 3203 a
2860 3149 3178 3221 septimanis.
3209 3149 3305 3207 Si-

1635 3223 1685 3292 c
1714 3235 1901 3290 militer
1928 3233 2131 3289 Paulus
2156 3235 2351 3306 beatus,
2378 3247 2485 3292 etc.
2566 3302 2567 3305 η

2336 3342 2508 3382 SBIIIO
2534 3342 2693 3384 CXCV.

1784 3419 2001 3491 Legitur
2029 3420 2143 3476 sive
2167 3422 2220 3474 in
2252 3420 2373 3476 cod.
2423 3421 2633 3478 Cassia.
2681 3436 2757 3491 st,
2799 3423 2894 3480 I'oI.
2946 3425 3039 3497 2‘2,
3088 3427 3204 3484 sive
3252 3426 3309 3488 in

1719 3514 1853 3571 Bibl.
1885 3515 2195 3587 Mugellan.,
2226 3515 2347 3570 cod.
2380 3530 2473 3583 xv,
2504 3516 2595 3571 iol.
2625 3518 2729 3588 33,
2760 3519 2848 3572 ubi
2878 3520 3061 3592 incipit
3109 3521 3309 3578 solum-

1716 3608 1876 3664 modo
1902 3608 1970 3663 ad
1998 3609 2113 3663 haec
2136 3606 2299 3663 verba
2340 3624 2353 3660 :
2393 3605 2513 3661 Vidi
2541 3619 2762 3678 portam,
2795 3622 2900 3666 etc.
3018 3596 3027 3605 ’

1788 3721 1930 3778 Εάἰι.
1977 3722 2043 3777 Ν.
2098 3726 2151 3776 1.
2207 3718 2477 3794 Ingressus
2621 3720 2755 3777 Cod.
2787 3739 2860 3779 st.
2888 3723 2985 3779 Cui
3032 3724 3087 3779 in
3127 3726 3311 3783 multis

1713 3794 1875 3851 estad
1904 3794 2186 3864 discipulos
2229 3808 2320 3862 per
2347 3794 2478 3847 ostia
2549 3794 2841 3849 concordat
2868 3796 2990 3850 cod.
3039 3810 3127 3858 xv,
3176 3798 3312 3854 'licet

1714 3868 1932 3932 clausa;
1960 3863 2046 3934 qui
2074 3873 2225 3919 natus
2249 3872 2342 3929 est,
2370 3873 2474 3919 etc.
2549 3863 2605 3917 in
2633 3878 2717 3918 eo
2736 3866 2885 3934 plura
2916 3866 3114 3934 desint,
3159 3878 3213 3922 et
3238 3870 3310 3922 sit

2548 3933 2750 4003 absque
2797 3950 2957 3991 sensu
2988 3954 2999 3987 :
3035 3933 3310 4006 Ingressus

1715 4020 1789 4065 est
1815 4010 1884 4064 ad
1916 4005 2194 4079 discipulos
2220 4022 2310 4076 per
2337 4006 2466 4079 ostia
2489 4006 2666 4060 clausa
2689 4047 2708 4075 ,
2729 4008 2818 4061 sed
2845 4023 2936 4079 per
2967 4005 3119 4077 quam
3142 4022 3312 4077 egres-

1714 4099 1803 4136 sus
1830 4092 1902 4136 est
1934 4077 2122 4152 paruus
2153 4081 2221 4152 ad
2247 4077 2604 4152 _ctuciﬁxores
2654 4094 2792 4133 suos.
2847 4078 2929 4152 Ad
2980 4079 3312 4152 cruciﬁxores

1715 4170 1835 4207 suos
1864 4149 1952 4223 per
1982 4164 2106 4204 mete
2129 4149 2433 4217 virginitatis
2465 4162 2694 4223 egressus
2720 4159 2793 4203 est
2824 4149 2955 4223 ostia
2994 4149 3209 4217 clausa;
3239 4151 3310 4205 ad

1717 4220 1999 4293 discipulos
2022 4232 2215 4284 autem,
2246 4223 2422 4273 clauso
2445 4220 2728 4286 caenaculo,
2769 4221 2886 4274 ostii
2932 4221 3190 4290 ingressus
3234 4230 3312 4277 est

27 4331 142 4378 'unt
167 4320 284 4375 Imc
302 4319 463 4375 verba
490 4334 507 4373 :
536 4319 722 4373 Omnes
738 4320 875 4373 enim
900 4319 1052 4391 quasi
1078 4318 1389 4389 quibusdam
1408 4333 1614 4386 compe-

27 4416 168 4470 libus
196 4428 287 4468 nos
332 4422 591 4483 premunt,
634 4426 729 4482 pro
777 4411 1048 4465 Dentones
1089 4412 1245 4480 enim,
1287 4418 1391 4465 etc.
1446 4408 1614 4479 Cujus

27 4504 370 4566 :orrectionis
407 4511 604 4575 quanta
644 4502 715 4557 sit
742 4510 1038 4557 necessitas
1084 4502 1342 4573 intelliget
1371 4502 1613 4571 quicum-

27 4616 122 4675 [ue
143 4600 317 4657 locum
344 4599 518 4669 ipsum
546 4596 757 4652 adierit.

613 4702 787 4744 SEBIO
812 4700 1025 4742 CLXXIX.
1047 4664 1056 4682 ⁴

92 4782 311 4855 Legitur
338 4782 393 4838 in
419 4781 540 4839 cod.
574 4779 785 4836 Cassio.
820 4793 934 4847 VIII,
962 4776 1058 4832 I‘ol.
1085 4774 1205 4832 I99.

93 4876 236 4932 Edit.
278 4875 343 4931 Ν.
374 4877 427 4931 I.
457 4873 781 4929 Ascensionis

27 4965 141 5021 ergo
196 4946 499 5021 Dominich
531 4947 781 5021 inclytum

27 5016 269 5103 etIregale
291 5020 612 5103 mgsterium,
641 5016 777 5084 quod

64 5091 104 5146 I.
133 5089 229 5158 quo
244 5089 263 5162 j
310 5089 544 5162 Christus
592 5098 778 5140 terram

27 5158 199 5219 levavit
244 5158 323 5215 'ad
392 5159 598 5224 ctelum,
642 5162 779 5210 canit

27 5235 175 5290 etiam
229 5242 359 5286 totus
407 5232 669 5297 mundus,
733 5238 780 5281 et

27 5303 164 5376 restis
207 5303 311 5376 agit
352 5303 557 5376 gaudiis
596 5301 779 5376 trium-

27 5371 157 5447 phos
209 5371 415 5427 Domini
470 5375 553 5447 sui
593 5386 614 5426 :
659 5371 779 5440 quia

27 5444 179 5503 erexit
219 5462 251 5498 a
279 5453 417 5498 terra
463 5444 682 5511 inopem,
724 5452 777 5496 Act

27 5520 88 5573 tle
110 5526 331 5573 stercore
363 5515 603 5568 exultavit
652 5529 779 5582 pau-

27 5605 218 5663 perem,
250 5589 577 5663 eumdeinque
603 5585 778 5663 levavit

27 5654 93 5714 ad
142 5657 365 5714 Patrem.
439 5656 567 5721 Quis
623 5654 779 5726 igitur

27 5732 167 5797 illuc,
210 5740 313 5786 etc.

924 4870 1057 4926 Cod.
1096 4866 1272 4923 Victor
1301 4866 1506 4931 mundi,
1532 4868 1609 4921 vi.

852 4951 965 4997 ctor
991 4941 1201 5003 diaboli,
1230 4940 1392 4992 victor
1418 4939 1610 5006 inferni

851 5014 1039 5085 absque
1050 5013 1237 5067 lwsura
1256 5017 1494 5085 potentiae
1510 5008 1611 5085 vul-

851 5080 1062 5139 neratur
1098 5100 1131 5135 a
1162 5080 1506 5148 multitudine,
1536 5080 1610 5134 vi-

852 5157 1007 5209 ctima
1029 5155 1085 5208 in
1113 5170 1259 5207 cruce
1277 5153 1495 5223 explevit
1526 5167 1612 5203 ar—

851 5243 1036 5283 canum
1058 5240 1151 5296 pro
1179 5223 1398 5278 Itonnms
1424 5225 1610 5277 libera-

853 5302 990 5351 tione
1004 5297 1293 5362 consilium,
1311 5297 1382 5348 ita
1394 5309 1444 5347 ut
1461 5296 1612 5364 quasi

849 5370 1011 5423 victu's
1040 5368 1225 5421 veniret
1252 5368 1320 5419 ad
1348 5367 1612 5421 stimulum

851 5439 926 5513 [ι’.
957 5438 1238 5513 tumulum]
1266 5455 1281 5505 ;
1312 5438 1401 5492 sed
1431 5435 1611 5490 extulit

847 5510 1001 5567 Sedi’u
1017 5510 1177 5564 celata
1193 5514 1609 5580 majestas,utque

848 5587 1073 5638 occisum
1102 5579 1359 5635 hominem
1384 5579 1448 5633 ab
1470 5582 1605 5649 infe-

849 5655 921 5709 ris
966 5655 1169 5708 reduxit
1209 5652 1534 5715 incolumem,
1558 5659 1608 5703 et

848 5726 1086 5780 continuo
1114 5726 1352 5792 perduxit
1398 5723 1465 5775 ad
1500 5735 1609 5775 sua:

850 5796 1030 5866 gloria:
1072 5795 1260 5850 sedem.
1306 5794 1435 5860 Quis
1474 5793 1608 5846 enim

852 5866 1001 5941 illuc,
1028 5874 1132 5921 etc.

1716 4296 1973 4359 claustra;
2000 4293 2088 4362 qui
2118 4302 2268 4345 natus
2294 4300 2390 4357 est,
2413 4299 2517 4362 etc.

1786 4367 1852 4421 Ν.
1880 4366 1935 4421 2.
1963 4361 2230 4431 Quomodo
2251 4361 2481 4416 meruisti

1717 4437 1818 4491 dici
1840 4452 2002 4490 nurus
2031 4433 2265 4501 Domini,
2297 4434 2427 4488 etc?

1784 4720 1919 4776 Ibid.
1972 4718 2181 4772 Incessu
2225 4715 2476 4782 mirabili,

1713 4803 1918 4863 aspectu
1946 4790 2179 4843 terribili.

1785 4864 1849 4916 Ν.
1893 4862 1942 4915 5.
1982 4859 2051 4916 Ut
2100 4872 2242 4914 utero
2295 4875 2475 4916 arave-

1785 4876 1849 4917 iV.
1893 4876 1942 4915 ο.
1982 4876 2051 4916 ω
2100 4876 2242 4914 utero
2293 4876 2327 4930 g

1711 4950 1849 4990 scam
1878 4933 2082 5002 pudico.

1787 5005 1918 5059 Ibid.
1981 5002 2187 5073 Exopto
2224 5019 2318 5074 ego
2363 5002 2472 5058 Deo

1716 5093 1918 5203 mitia.
1952 5145 2169 5201 Modum
2193 5146 2474 5215 conceptio-

1714 5219 1818 5285 nis,
1849 5220 1985 5287 quod
2026 5218 2079 5272 in
2122 5216 2281 5271 Verbo
2330 5221 2473 5285 [teret

1716 5290 2021 5347 Saluatoris.
2056 5288 2101 5343 0
2138 5288 2321 5359 inquit,
2367 5297 2471 5344 etc.

1786 5575 1919 5660 Ibid.
1960 5573 2163 5629 Dilecta
2209 5571 2328 5641 Dei,
2363 5572 2473 5643 ﬁlia

1713 5647 1921 5775 Deibid.
1971 5716 2063 5773 Vel
2087 5715 2341 5787 quomodo
2387 5715 2474 5785 ﬁet

1712 5791 1768 5846 in
1797 5800 1865 5846 te.

1784 5860 1927 5918 ΝΑ.
1981 5858 2218 5918 γεω...
2273 5868 2320 5914 et
2345 5867 2473 5913 atte-

1637 4619 1693 4681 Β
1725 4577 1921 4681 n“Ibid.
1953 4576 2023 4631 Et
2058 4576 2232 4649 placui
2280 4575 2479 4631 homini

1718 4649 1846 4705 Deo.

2624 4361 2794 4416 Codd.
2831 4362 3010 4420 ambo.
3043 4363 3312 4432 Quomodo

2540 4434 2784 4543 ,υννεξεσιὶ
2828 4435 2932 4489 dici
2977 4447 3140 4491 muter
3191 4433 3314 4503 Dei,

2548 4518 2581 4543 ﬂ
2607 4520 2635 4543 ρ

2548 4512 2657 4559 CIC.
2674 4512 2690 4557 ἶ

2619 4577 2751 4632 Cod.
2787 4592 2881 4649 xv.
2912 4576 2977 4630 Et
3009 4579 3182 4649 placui
3237 4580 3315 4636 al-

2550 4650 2746 4702 tissimo
2769 4648 2905 4703 Deo.

2622 4719 2697 4772 Id.
2752 4715 2994 4789 Ingressu
3037 4721 3312 4790 mirabilis,

2549 4798 2757 4858 aspectu
2785 4791 3050 4847 terribilis.

2622 4860 2699 4914 Id.
2767 4858 2834 4934 Ut
2890 4870 3033 4916 utero
3094 4863 3313 4934 gravida

2545 4931 2642 4986 sint
2667 4932 2877 4998 pudico.

2554 5032 2562 5040 -
2619 5004 2694 5058 Id.
2728 5002 2937 5070 Empta
2968 5021 3061 5077 ego
3089 5022 3170 5060 me
3201 5008 3312 5064 Deo

2544 5088 2659 5129 meo
2682 5090 2702 5140 ,‘
2728 5080 2866 5147 Itit‘te
2895 5091 2974 5128 me
2999 5079 3218 5147 placere.

2615 5147 2689 5229 .
2710 5144 2763 5199 Μ
2772 5144 3305 5235 oduniconce‘ptionis,

2545 5222 2633 5287 qui
2654 5220 2709 5272 in
2734 5221 2882 5272 verbo
2903 5217 3046 5286 fieret
3069 5217 3312 5275 Salvatol

2549 5291 2640 5343 ris.
2674 5289 2741 5343 Et
2767 5291 2838 5343 ita
2852 5291 2924 5341 ait
2954 5290 3022 5342 ad
3050 5306 3161 5342 eam
3188 5306 3208 5343 :
3235 5292 3306 5358 0,

2546 5359 2730 5427 inqwt,
2762 5370 2867 5414 etc.
2897 5358 3030 5413 Cod.
3060 5375 3133 5421 ιι.
3160 5372 3206 5415 et
3235 5364 3309 5418 ita

2545 5446 2658 5485 eam
2681 5430 2961 5499 alloquitur
2977 5444 2997 5483 :
3026 5428 3091 5497 0,
3122 5434 3308 5501 inquit,

2543 5510 2649 5557 etc.

2614 5571 2747 5628 Cod.
2803 5588 2891 5626 xv.
2935 5570 3138 5627 Dilecta
3183 5571 3304 5640 Dei,

2544 5646 2743 5714 famula
2766 5642 2893 5714 Dei.

2617 5716 2692 5769 Id.
2740 5713 2829 5770 Vel
2848 5713 3105 5785 quomodo
3134 5714 3227 5784 ﬁat
3248 5715 3305 5771 in

2544 5795 2961 5915 “'Ambooodd.
2995 5855 3306 5919 Viden...“
