4018 6466
141 332 304 393 1241

236 453 372 510 Ibid.
402 450 470 507 Et
498 450 594 504 hoc
606 451 721 520 jam
745 446 798 500 in
820 445 924 500 vita

133 536 330 581 vestra
352 523 434 577 hic
455 521 729 590 disponite.

236 595 372 651 Ibid.
408 592 584 648 Nolite
627 606 766 659 ergo,
811 591 922 657 fra-

136 673 287 732 tres,
319 665 566 719 mundum
577 659 926 743 jatntlitigere

136 753 316 804 quem
369 745 514 790 tanta
558 741 924 804 cernitisucum

136 799 429 864 uelocitate
467 803 704 858 transire.
751 799 928 854 Nolite

135 878 213 934 in
266 881 377 934 eius
418 890 593 931 amore
645 872 925 926 anchoram

139 945 342 1006 cordis
377 952 493 1015 jam
554 945 731 1015 ﬁgere,
779 956 926 1013 quem

136 1023 236 1075 sic
265 1022 329 1075 ad
352 1022 525 1082 linem,
548 1025 653 1070 etc.

238 1092 306 1148 N.
349 1091 439 1145 ‘22.
491 1086 655 1142 Nemo
711 1087 763 1139 in
815 1085 927 1137 loco

139 1161 261 1217 illo
288 1163 512 1234 glorioso
558 1156 751 1228 indiget
780 1157 929 1210 vesti-

141 1246 352 1287 mento.

235 1304 301 1359 N.
331 1304 420 1359 25.
466 1299 806 1368 Omniumque
837 1296 928 1350 ho-

146 1376 363 1430 minum
382 1373 673 1430 erubescere
690 1412 703 1435 ,
735 1370 823 1439 qui
847 1369 929 1420 hic

144 1462 256 1501 nec
276 1461 434 1502 unum
448 1443 653 1514 quidem
675 1440 927 1514 hominem

143 1519 218 1572 in
247 1535 300 1572 se
326 1510 611 1586 peccantem
634 1511 739 1567 vult
780 1510 925 1575 aspi-

141 1604 295 1659 pere.

236 1658 371 1715 Ibid.
444 1656 593 1710 Tunc
682 1653 925 1707 nimirum

147 1729 558 1802 prmeinentibus
618 1725 928 1795 Angelorum

146 1802 316 1855 tubis.

238 1871 369 1926 Ibid.
398 1869 466 1924 In
503 1885 562 1924 eo
604 1884 729 1922 sexu
770 1882 929 1920 unus-

149 1943 371 2013 quisque
389 1957 492 2013 quo
524 1948 670 2013 natus
695 1939 816 2006 fuit.
836 1974 844 1983 .

237 2013 368 2068 Ibzd.
394 2010 521 2069 Cum
544 2010 725 2063 rirtute
742 2024 927 2079 magna

153 2092 212 2140 et
241 2087 523 2155 majestate.

235 2152 370 2210 Ibid.
398 2153 465 2207 Et
495 2152 737 2224 plangent
778 2165 928 2217 super

152 2242 217 2280 se
238 2241 410 2281 omnes
438 2226 595 2277 tribus
619 2233 788 2275 terra.
852 2260 863 2273 .

239 2290 373 2351 Ibid.
448 2293 636 2348 Postea
696 2293 926 2344 misertus

155 2382 278 2423 sum
303 2368 399 2429 tui,
423 2382 624 2421 carnem
652 2364 924 2431 assumpsi.

240 2437 373 2493 Ibid.
402 2436 651 2491 Conditus
706 2433 837 2486 latui
874 2436 929 2485 in

155 2509 420 2583 uertera-

238 2574 374 2636 I'tiid.
424 2578 565 2632 'Iiunc
636 2580 732 2631 erit
796 2574 930 2628 dura

157 2653 447 2719 separatio.

240 2723 372 2778 Ibid.
436 2719 719 2788 Nunquam
756 2734 928 2787 poenas

162 2792 384 2862 ﬁnituri.
412 2861 415 2862 ν
820 2858 846 2862 μ
888 2812 903 2823 ·

238 2862 372 2921 Ibid‘.
394 2861 555 2917 Juxta
574 2876 689 2915 vero
710 2858 930 2927 qualita-

162 2944 270 2990 tem
329 2933 531 3013 culpae,
589 2946 788 3013 pinnam
860 2930 931 2982 ibi

161 3008 515 3075 unusquisque
573 3008 787 3084 sustinet
842 3016 931 3082 ge-

162 3077 372 3126 hennae.
440 3074 562 3126 Non
635 3074 704 3126 ibt
777 3069 932 3125 audt-

162 3077 372 3132 hennte.
434 3074 562 3130 Non
635 3075 650 3127 i

162 3156 275 3216 tur,
299 3157 403 3204 etc.

239 3359 431 3415 Ν.24.
490 3356 763 3428 Supplicia
824 3368 929 3406 im-

164 3434 376 3501 piorum
395 3441 444 3488 et
468 3429 633 3501 gloria
643 3429 928 3497 justorum.

168 3500 289 3558 Iam
317 3519 453 3562 vero,
472 3500 585 3555 etc.

241 3574 380 3629 Ibi‘d.
431 3570 683 3626 Dominus
760 3573 931 3621 autem

169 3654 419 3716 quantum
456 3640 629 3716 patris
645 3639 925 3716 pietate...,

170 3709 372 3770 tantum
456 3709 655 3786 'judicis
772 3709 931 3781 maje-

170 3793 302 3842 state
324 3828 341 3852 ,
369 3792 475 3841 etc.

243 3851 380 3912 Ibid.
438 3854 613 3910 Potest
670 3851 931 3921 ptenitenti

173 3927 366 3999 gratias
401 3925 691 3997 indulgere.

242 4071 311 4128 Ν.
336 4069 428 4126 25.
460 4067 585 4123 Νοη
614 4081 701 4120 vos
716 4067 833 4137 jam
860 4062 935 4116 di-

175 4142 415 4198 vitiarum
443 4156 616 4204 onera,
646 4145 752 4192 etc.

245 4213 310 4269 Ν.
341 4211 432 4266 26.
460 4208 557 4265 Cui
584 4210 739 4263 vicem
759 4222 935 4277 repen-

178 4284 298 4340 dere
327 4298 428 4338 non
451 4295 738 4347 possumus.

128 4387 138 4395 ·
247 4354 378 4409 Ibid.
407 4352 543 4417 Quia
570 4350 706 4405 mitis
745 4365 858 4403 sum
884 4357 936 4402 et

1387 319 1768 381 LECTIONES
1804 317 2219 377 VARIAN‘I‘ES.

1069 441 1143 496 Id.
1175 441 1243 496 Et
1270 440 1366 494 hoc
1413 441 1526 511 jam
1545 440 1601 493 in
1649 438 1752 492 vita
1778 437 1834 498 Δ
1927 432 2057 511 C_ap.
2091 450 2126 487 I.
2164 431 2407 498 Obsecro,
2436 436 2493 483 ut
2521 443 2615 498 pro

995 525 1157 567 uestra
1180 513 1456 583 disponite.

1068 584 1144 639 Id.
1178 581 1358 636 Nolite
1374 600 1518 655 ergo,
1543 582 1749 655 fratres,

1855 519 1936 560 me
1961 506 2343 572 interpretetur.

1933 574 2061 629 Ibid.
2096 576 2355 640 Quantum
2375 573 2510 627 Deus
2527 573 2618 625 do-

3302 317 3446 377 12b!

2756 426 2833 483 Id.
2877 426 3116 504 Obsecro,
3146 439 3204 486 ut
3246 448 3343 504 pro
3364 451 3446 492 me

2683 497 2987 569 interpellet.

2760 570 2836 624 Id.
2870 570 3128 635 Quantum
3176 571 3313 630 Deus
3354 576 3451 632 do-

998 656 1241 708 mundum
1338 641 1456 721 ᾔὰηῖ
1509 641 1756 723 Ἠἰιὶρενὲ
1857 647 2073 723 nouerit,
2105 647 2241 723 Loqui
2265 645 2615 723 suscipientes.
2693 641 2874 723 cuerit,
2904 641 3047 723 Loqui
3071 644 3390 723 incipientes.

996 742 1144 793 quem
1189 726 1264 780 sic
1322 728 1390 779 ad
1426 727 1597 791 ﬁnem,
1647 734 1751 778 etc.

1000 797 1204 850 (Inuera
1232 796 1553 851 addiderunt
1576 795 1752 849 Bene-

999 867 1183 921 dictini
1215 882 1280 922 ex
1327 868 1461 922 libro
1489 866 1556 920 de
1594 866 1755 920 Vani-

999 947 1109 992 tatc
1138 939 1340 1003 saeculi,
1371 938 1464 993 sed
1488 937 1681 991 desunt
1702 935 1755 992 in

999 1009 1214 1065 codice;

1074 1080 1149 1133 Id.
1179 1079 1342 1134 Nemo
1366 1080 1472 1135 illic
1513 1080 1620 1133 ullo
1648 1080 1757 1151 glo-

1001 1150 1137 1205 rioso
1159 1152 1350 1221 indiget
1378 1150 1691 1207 vestimento.

1070 1291 1147 1347 Id.
1212 1292 1545 1363 Omniumque
1594 1295 1760 1348 homi-

1002 1380 1123 1416 num
1170 1374 1215 1418 et
1256 1365 1552 1433 angelorum
1582 1365 1760 1419 erube-

999 1450 1169 1497 scere,
1221 1437 1307 1505 qui
1356 1437 1438 1488 hic
1483 1452 1572 1490 nec
1601 1453 1760 1490 unum

1000 1506 1203 1575 quidem
1270 1507 1523 1560 hominem
1586 1509 1762 1575 inspe-

1001 1586 1221 1648 ctantem
1233 1582 1337 1631 uult
1350 1579 1613 1648 inspicere.

1075 1647 1152 1700 Id.
1172 1648 1316 1703 Tunc
1340 1647 1581 1702 nimirum
1623 1666 1763 1704 reso-

1003 1719 1240 1774 nantibus
1262 1720 1576 1790 Angelorum
1600 1722 1758 1776 tubis.

1932 719 2064 772 Ibid.
2104 716 2209 772 Sed
2242 718 2359 785 quia
2384 714 2618 783 quwdam

1862 790 2133 856 Scriptura
2179 799 2355 843 sancta
2407 787 2619 854 indaga-

1860 861 2052 914 tionum
2107 860 2288 914 studiis
2339 857 2617 930 quaerenda

1859 931 2084 999 reliquit.

1935 1003 2063 1057 Ibid.
2098 1002 2234 1055 Dum
2258 1017 2373 1056 vera
2401 1001 2618 1071 indaga-

1858 1075 1996 1128 tione
2024 1075 2208 1142 fuerint
2240 1074 2508 1142 patefacta.

1933 1140 2063 1199 Ibid.
2092 1144 2156 1197 Et
2177 1140 2443 1214 mysticum
2465 1140 2614 1196 intel-

1860 1216 2045 1271 lectum
2060 1217 2299 1269 insinuet.

1930 1355 2060 1428 Cap.
2106 1373 2164 1413 ιι.
2197 1359 2275 1412 Ad
2324 1358 2461 1430 quod
2506 1356 2618 1427 ipsa

1861 1430 2207 1484 convenientia
2251 1430 2346 1491 rei,
2376 1437 2480 1483 etc.

1936 1499 2069 1554 Ibid.
2106 1500 2254 1554 Unde
2285 1500 2457 1552 divina
2476 1497 2618 1553 Scri-

1864 1580 2017 1640 ptura
2046 1572 2175 1624 nihil
2207 1568 2543 1623 commendat.

1938 1640 2070 1695 Ibid.
2120 1640 2245 1696 Sine
2280 1658 2383 1701 qna
2429 1654 2626 1694 necesse

1863 1720 1938 1765 est
1967 1728 2058 1766 nec
2076 1713 2237 1766 valeat
2257 1712 2557 1766 auctoritas.

1073 1861 1150 1916 Id.
1181 1860 1246 1916 In
1267 1878 1326 1917 eo
1345 1879 1469 1917 sexu
1486 1864 1760 1933 unusquis-
1791 1823 1840 1883 Β
1939 1855 2191 1933 (Σειληιῃ.
2255 1854 2405 1920 Quod
2458 1852 2503 1906 si
2561 1851 2624 1906 de

999 1949 1096 2005 que
1122 1935 1174 1986 in
1203 1951 1303 2003 quo
1329 1944 1478 1988 natus
1500 1936 1616 2005 fuit.

1072 2004 1148 2058 Id.
1196 2006 1322 2058 Cum
1370 2004 1552 2059 virtute
1601 2004 1811 2069 multaI

998 2083 1045 2128 et
1082 2077 1365 2144 majestate.

1070 2144 1148 2217 Id.
1171 2146 1235 2199 Et
1259 2149 1497 2217 plangent
1519 2165 1571 2202 se
1589 2164 1762 2201 omnes

999 2216 1161 2270 tribus
1181 2216 1344 2272 terrae.

1074 2287 1150 2341 Id.
1190 2287 1375 2343 Postea
1417 2290 1650 2345 misertus
1689 2292 1762 2345 tui

1003 2374 1209 2412 carnem
1240 2377 1353 2413 assu
1362 2378 1406 2412 m
1413 2361 1512 2428 psi.

1074 2428 1154 2502 Id.
1205 2429 1449 2485 Conditus
1497 2431 1643 2502 jacui
1708 2434 1762 2487 in

1002 2500 1259 2571 sepulcro.

1075 2571 1148 2625 Id.
1176 2571 1320 2626 Tunc
1374 2573 1470 2626 erit
1527 2573 1664 2626 mala
1714 2583 1761 2628 et

1001 2643 1135 2696 dura
1160 2646 1437 2710 separatio.

1077 2713 1151 2787 Id.
1176 2713 1457 2786 Nunquam
1484 2732 1656 2784 poenas
1679 2717 1763 2787 [u-

1000 2784 1173 2858 sileri-

1075 2855 1152 2910 Id.
1176 2855 1339 2929 Juxta
1377 2874 1491 2912 vero
1538 2859 1761 2929 qualita-

1004 2934 1102 2981 tem
1155 2926 1360 2995 culpae,
1429 2926 1628 2998 pa‘nam
1692 2930 1762 2983 ibi

1004 3000 1348 3067 unusquisque
1408 3000 1623 3067 sustinet
1674 3016 1762 3067 ge-

1001 3066 1203 3131 hennat,
1252 3076 1299 3120 et
1372 3069 1554 3121 similis
1595 3066 1761 3135 culpae

1001 3139 1076 3190 rei
1097 3139 1203 3191 suis
1233 3137 1486 3209 similibus
1522 3140 1759 3209 jungun-

1867 1934 2027 1979 morte
2058 1925 2263 1979 dicitur.

1935 1995 2066 2065 Cap.
2081 2010 2158 2050 tv.
2186 1994 2492 2049 {Erumnam
2510 1993 2627 2048 Ma-

1866 2066 1947 2120 ria
1973 2067 2233 2120 sustinuit.
2532 2078 2535 2081 '

1940 2136 2074 2191 Ibid.
2092 2137 2209 2191 Iloc
2224 2138 2356 2191 enim
2373 2137 2537 2206 potuit
2552 2137 2625 2206 ef-

1865 2210 2017 2277 ficere
2061 2212 2124 2262 de
2140 2219 2310 2261 matre
2327 2249 2341 2274 ,
2372 2205 2493 2275 quia
2517 2205 2624 2260 ele—

1863 2280 1954 2349 git,
1984 2288 2087 2334 etc.

1938 2348 2070 2404 Ibid.
2123 2349 2383 2413 Quantum
2460 2349 2628 2419 gratia

1866 2418 2053 2475 Maria:
2077 2421 2409 2484 demonstrat,
2438 2430 2542 2473 etc.

1935 2491 2066 2559 Cap.
2099 2507 2149 2545 ν.
2177 2490 2200 2543 l
2209 2507 2296 2560 pse
2315 2506 2434 2560 ergo
2464 2490 2623 2543 idem-

1863 2578 1960 2631 que
2032 2563 2181 2616 caetos
2245 2562 2516 2623 ascendit;
2571 2569 2625 2615 et

1864 2631 2058 2688 deinde
2104 2631 2344 2700 sequitur
2409 2646 2624 2698 semper

1869 2705 2025 2757 tertia
2057 2718 2303 2772 persona.

1938 2771 2066 2826 Ibid.
2084 2773 2129 2826 0
2148 2790 2387 2844 magnam
2432 2781 2479 2826 et
2507 2771 2630 2844 inte-

1865 2843 2175 2898 stimabitem
2204 2843 2480 2898 bonitatem
2497 2843 2629 2896 Dei!

1935 2912 2068 2981 Cap.
2100 2931 2171 2969 vr.
2208 2915 2470 2981 Quantum
2523 2914 2625 2984 igi-

1864 2994 1948 3038 tur
1971 2998 2231 3040 contueor.

1935 3055 2070 3108 Ibid.
2126 3055 2249 3110 Post
2304 3071 2544 3116 vermem,
2573 3062 2627 3107 ut

1864 3125 2074 3193 dignum
2118 3135 2188 3177 est
2215 3167 2230 3191 ,
2262 3124 2628 3196 abjectissimus

1003 3217 1086 3261 tur
1107 3206 1395 3261 cruciandi.
1430 3206 1484 3262 Ν
1489 3196 1553 3262 ait
1582 3196 1651 3263 ibi
1673 3226 1760 3262 au-
1785 3205 1834 3269 C
1864 3196 2048 3269 ραιςίς.

1003 3278 1163 3342 ditur,
1189 3288 1297 3333 etc.

1074 3349 1155 3404 Id.
1180 3349 1453 3420 Supplicia
1481 3351 1759 3415 impiorum

1004 3429 1052 3473 et
1097 3421 1262 3490 gloria
1314 3420 1573 3488 jnstornm
1622 3421 1760 3475 vobis

1005 3491 1303 3544 denuntiata
1327 3500 1459 3544 sunt.

1080 3562 1157 3616 Id.
1252 3560 1503 3614 Dominus
1591 3572 1761 3616 autem

1005 3642 1197 3704 quanto
1235 3632 1400 3703 patris
1431 3633 1776 3702 pietatem",-

1002 3715 1141 3759 tanto
1147 3705 1343 3776 judicis
1358 3706 1643 3774 majestate,
1654 3716 1760 3759 etc.

1077 3845 1154 3900 Id.
1185 3843 1363 3916 Potest
1413 3848 1762 3916 paenitentiam

1040 3919 1162 3971 ratis
1184 3915 1472 3987 indulgere.
1494 3917 1612 3973 Vid.
1647 3933 1759 3973 var.

1060 4003 1178 4043 aur.

1078 4059 1157 4115 Id.
1187 4058 1311 4114 Non
1338 4075 1429 4114 nos
1472 4059 1585 4129 jam
1630 4060 1763 4115 divi-

1006 4131 1196 4185 tiarum
1216 4147 1392 4195 onera,
1422 4139 1524 4185 etc.

1080 4203 1157 4257 Id.
1183 4201 1277 4258 Cui
1317 4206 1472 4255 ticem
1497 4218 1767 4271 repensare

1006 4288 1121 4345 non
1143 4290 1430 4345 possumus.

1077 4343 1152 4401 Id.
1199 4346 1332 4412 Quia
1386 4343 1522 4398 mitis
1572 4360 1684 4399 sum
1719 4356 1769 4402 et

1938 3266 2066 3333 Cap.
2101 3279 2195 3317 vn.
2244 3263 2306 3318 Si
2330 3264 2466 3317 enim
2518 3260 2626 3316 hau:

1864 3336 2408 3407 generalis_sententia.

1933 3405 2068 3461 Ibid.
2099 3405 2280 3459 Omnis
2312 3404 2400 3474 qui
2442 3416 2626 3457 sanum

1862 3478 2018 3546 sapit,
2038 3476 2302 3548 intelligit.

1938 3547 2071 3601 Ibid.
2104 3546 2169 3601 In
2204 3543 2453 3616 prtesepio
2479 3543 2629 3597 recli-

1867 3619 2027 3674 navit.

1937 3689 2068 3743 Ibid.
2096 3687 2218 3741 Non
2235 3685 2492 3742 recesserit
2511 3701 2631 3739 con-

1864 3768 2083 3822 sectatu,
2108 3776 2212 3813 non
2255 3759 2423 3812 solum
2446 3757 2631 3828 gressi-

1813 3863 1821 3871 -
1866 3832 1960 3885 bus
1981 3831 2188 3899 pedum,
2220 3838 2325 3884 etc.

1939 3897 2071 3957 Ibid.
2116 3899 2238 3954 Non
2287 3898 2422 3954 enim
2467 3897 2631 3967 potuit

1868 3973 2147 4027 diuinitatis
2221 3971 2335 4042 ejus
2382 3969 2479 4023 nisi
2526 3984 2634 4023 esse

1870 4043 2106 4098 credula.

1940 4114 2071 4183 Cap.
2118 4127 2233 4167 vm.
2285 4110 2635 4183 Consideratis

1870 4181 2031 4257 igitur
2049 4185 2127 4239 his
2156 4181 2427 4257 universis,
2452 4191 2499 4235 et
2519 4197 2636 4234 vera

1869 4253 2092 4322 ratione,
2120 4253 2465 4323 conﬁtendum
2518 4268 2634 4306 cen-

1870 4344 1974 4381 880.

2762 712 2837 766 Id.
2898 711 3003 767 Setl
3047 717 3164 782 quia
3209 722 3450 785 quadam

2692 781 2962 853 Scriptura
2980 781 3156 838 sancta
3180 781 3350 841 verum
3374 788 3448 844 in-

2691 852 2995 922 dagantibus
3022 858 3293 924 quazrenda
3325 857 3448 911 reli-

2689 928 2814 992 quit.

2763 997 2813 1049 Id
2826 1035 2850 1065 ,κ
2872 995 3013 1070 Cum
3066 1013 3203 1070 vera
3228 998 3448 1070 indaga—

2692 1066 2826 1121 tione
2855 1068 3041 1138 fuerint
3060 1069 3336 1138 patefacta.

2768 1138 2841 1191 Id.
2866 1136 2931 1189 Et
2955 1136 3219 1209 mysticum
3250 1139 3450 1196 intelle-

2690 1216 2826 1261 ctum
2874 1210 3114 1264 instruat.
3164 1209 3281 1263 Vid.
3328 1226 3446 1268 var.

2689 1279 2857 1334 Maur.

2731 1349 2846 1433 ,ωε
2864 1351 2944 1404 Ad
2970 1367 3084 1433 quae
3105 1351 3220 1422 ipsa
3270 1369 3453 1409 conve-

2689 1422 2881 1476 nientia
2907 1424 3002 1486 rei,
3026 1432 3129 1477 etc.

2764 1493 2838 1546 Id.
2860 1491 2938 1546 De
2958 1510 3059 1561 qua
3078 1495 3248 1548 divina
3296 1493 3440 1550 Scri-

2691 1572 2844 1632 ptura
2869 1563 2997 1616 nihil
3036 1565 3373 1619 commendat.

2768 1633 2903 1688 Ibid.
2929 1633 3055 1688 Sine
3078 1651 3178 1701 qua
3204 1635 3331 1688 nihil
3377 1642 3453 1692 est

2697 1721 2790 1758 nec
2821 1705 2952 1758 volet
3003 1706 3298 1760 auctoritas.
3325 1705 3472 1764 νῆά..

2696 1790 2808 1829 var.
2838 1775 3005 1829 Maur.

2768 1847 2842 1900 Id.
2871 1844 3021 1910 Quod
3042 1846 3085 1899 si
3115 1845 3177 1900 de
3195 1854 3352 1901 morte
3373 1847 3454 1900 di-

2698 1927 2862 1971 catur.

2769 1988 2847 2042 Id.
2863 1987 3150 2042 jErumnas
3167 1986 3335 2042 Maria
3346 2003 3455 2044 sus-

2702 2060 2869 2112 tinuit.

2768 2130 2844 2184 Id.
2878 2129 2994 2184 Hoc
3020 2130 3152 2183 enim
3179 2130 3341 2199 potuit
3380 2132 3458 2200 ef-

2700 2200 2852 2267 ﬁcere
2899 2201 2962 2255 de
3004 2209 3186 2266 matre,
3229 2200 3318 2269 qui
3356 2203 3458 2254 ele-

2698 2273 2792 2340 git,
2823 2281 2927 2325 etc.

2774 2342 2848 2395 Id.
2877 2343 3138 2406 Quantum
3169 2342 3331 2412 gratia
3365 2339 3460 2396 Dei

2702 2410 2887 2467 Maritc
2909 2410 3181 2477 monstrat,
3206 2421 3310 2467 etc.

2770 2483 2850 2537 1.2.
2911 2482 3033 2551 Ipse
3084 2501 3176 2553 ego
3229 2483 3461 2552 idemque

2695 2554 2846 2607 cados
2897 2552 3137 2617 ascendi}
3188 2562 3242 2608 et
3269 2552 3463 2609 deinde

2697 2625 2940 2693 sequitur
3002 2638 3215 2693 semper
3290 2626 3461 2694 prima

2697 2709 2945 2762 persona.

2774 2763 2855 2818 Id.
2892 2767 2935 2818 0
2965 2781 3205 2823 maanam
3247 2774 3293 2819 et
3344 2766 3463 2823 inat-

2700 2837 2999 2889 stimabilem
3014 2835 3311 2890 charitatem
3343 2835 3459 2891 Dei.

2773 2908 2849 2960 Id.
2904 2909 3166 2972 Quantum
3218 2922 3335 2976 ergo
3377 2908 3459 2961 in-

2703 2987 2864 3031 tueor.

2700 3056 2703 3059 '
2775 3046 3338 3114 Id.Postvermem,ut
3379 3047 3464 3102 tli-

2701 3126 2838 3200 ctum
2853 3128 2948 3185 est,
2965 3119 3341 3189 abjectissimus
3358 3118 3466 3189 pul-

2700 3205 2794 3243 υιε.

2773 3259 2848 3311 Id.
2871 3258 2933 3311 Si
2962 3267 3034 3310 est
3053 3260 3188 3311 enim
3209 3259 3464 3329 generalis

2700 3327 2808 3382 haec
2832 3329 3101 3381 sententia.

2770 3396 2848 3452 Id.
2867 3397 3042 3451 Omnis
3055 3399 3144 3468 qui
3160 3415 3285 3455 sane
3299 3400 3461 3469 sapit,

2698 3468 2961 3538 intelligit.

2738 3540 2847 3621 [Μ.
2875 3537 2943 3592 In
2992 3554 3217 3609 pressepe
3243 3538 3463 3595 reclina-

2702 3620 2789 3663 vit.
2896 3624 2897 3627 “

2775 3681 2852 3735 Id.
2878 3678 3002 3735 Non
3026 3681 3308 3749 recesserit,
3340 3698 3468 3736 con-

2702 3760 2892 3806 sectata
2941 3769 3043 3806 non
3088 3753 3256 3805 solum
3279 3754 3463 3823 gressi-

2704 3823 2795 3877 bus
2822 3825 3030 3888 pedum,
3057 3830 3163 3877 etc.

2779 3891 2853 3947 Id.
2907 3891 3028 3945 Non
3078 3894 3216 3946 enim
3279 3894 3463 3962 potuit,

2706 3963 2808 4018 nisi
2867 3964 3151 4018 diuinitatis
3198 3978 3305 4018 esse
3358 3979 3469 4018 cre-

2706 4035 2854 4089 dula.

2781 4106 2857 4159 Id.
2896 4103 3272 4179 _Consideratis
3344 4121 3471 4179 ergo

2707 4175 2787 4230 his
2816 4176 3083 4240 universis,
3112 4192 3229 4231 uera
3272 4175 3472 4231 ratione

2705 4246 3053 4315 conﬁtendam
3076 4263 3273 4302 censeo.

2782 4387 2860 4443 Id.
2905 4390 3056 4459 Apud
3104 4388 3361 4445 Christum
3402 4388 3473 4444 ad

2708 4460 2947 4533 gloriosa:
3002 4461 3296 4515 wternitatis
3340 4477 3464 4533 gau-

2709 4532 2796 4585 dia
2848 4547 3018 4587 assum
3025 4540 3189 4600 ptam,
3235 4532 3470 4604 benigni-

2709 4612 2831 4667 tate,
2856 4614 2963 4657 etc.

2784 4672 2860 4724 Id.
2882 4671 3050 4737 Quam
3076 4686 3283 4725 mecum
3328 4671 3470 4741 Apo-

2713 4744 2844 4795 stolo
2892 4743 3051 4797 diana
3079 4741 3355 4795 reverentia
3396 4743 3474 4797 ui—

1008 4393 1769 4482 ιιαὶῆἱιίὶῖὂῖιιιξὲῖἓηιὶὲῆὶξεῖἓ
1913 4396 2078 4482 ,Ιῒξῑά-
2139 4397 2292 4482 Apud
2363 4393 2636 4482 ,ςιςςῑειυηι

1007 4465 1766 4552 mea}.insanimus;
1872 4469 2092 4552 αζονῖοεε
2113 4469 2179 4521 αα
2198 4465 2636 4552 ατιετηίιιξιεεβαᾳ·

1015 4538 1548 4628 obsequente.
1800 4589 1849 4628 η
1873 4538 1971 4628 ᾷίᾳί
2013 4549 2348 4628 αξξξιηιριαηιν
2409 4538 2637 4608 limant-

1084 4589 1224 4610 νυηε.
1248 4589 1422 4638 ψη..)
1444 4589 1548 4638 δην,
1797 4589 1849 4647 D

1084 4628 1158 4681 Id.
1202 4626 1306 4681 Sed
1351 4628 1550 4681 divinus
1578 4643 1669 4681 nos
1696 4644 1771 4682 re-
1874 4620 1996 4682 ταις,
2033 4618 2138 4664 θια-

1944 4680 2074 4749 Cap.
2102 4694 2177 4733 ix.
2209 4678 2377 4744 Quam
2417 4693 2498 4730 me
2523 4693 2638 4730 cum

160 4425 384 4481 Immitis
413 4422 585 4479 corde.
608 4419 819 4492 Oportet
840 4420 937 4489 igi—

179 4507 284 4564 tur,
317 4503 425 4551 etc.

251 4637 387 4694 Ibid.
432 4636 541 4694 Sed
584 4633 786 4689 divinus
844 4645 936 4685 nos

182 4716 418 4779 aspectus
439 4721 638 4778 semper
654 4720 687 4759 a
714 4702 936 4775 peccatis
1011 4708 1208 4768 spectas
1235 4713 1433 4769 semper
1471 4713 1503 4749 η
1550 4701 1769 4766 peccatis

183 4748 624 4836 ῖέἔᾶἱῗ”””’””
654 4748 687 4759 ⁷
715 4748 933 4775 "mm
1011 4748 1203 4825 ὸῗνέὲᾶὶξ
1494 4748 1497 4749 γ
1875 4748 2640 4836 θηοδίοίρ.φὲξιηῆίῖείθξῖξηέα
2713 4748 2844 4836 i‘f’ff
2880 4748 3052 4836 ﬁ‘tﬁ‘!
3079 4748 3355 4836 ’E‘Liffl'fi‘!
3396 4748 3445 4836 ΕΞ

422 4849 530 4907 διά
557 4847 711 4903 “iam
742 4844 940 4914 οορίια.
1011 4812 1200 4895 ω
1223 4840 1348 4914 seq
1377 4840 1531 4914 ριίαηι
1579 4849 1771 4914 ,θηρία
1873 4812 2241 4914 uideordebere
2269 4816 2637 4881 admirari,di-
2710 4816 2848 4914 die;
2875 4812 3053 4869 debere
3097 4812 3369 4877 admirari,
3391 4813 3473 4867 di-

183 4894 939 4979 .5.}.2'.".07.'.i43¥5{'¢[iiii}.
1013 4894 1182 4968 cordis
1207 4894 1496 4981 ccnst'derat
1522 4920 1570 4966 et
1612 4894 1768 4968 ridet.
1872 4906 2056 4981 “’23,,
2105 4958 2293 4981 ,νυ-ψ
2317 4958 2615 4981 μηωλω
2706 4894 2867 4981 mli?

262 4953 943 5059 tt:..f"&'.:n:;.';5.;;.:;;.;
1013 4953 1181 5038 "1'5."
1207 4953 1772 5059 ii'iiiiii"';5nii7iii
1882 4958 2308 5059 Jnlnlfidjaggfg

1962 4959 2080 5015 ὼίᾱ.
2105 4958 2296 5013 Tamen
2310 4958 2638 5029 quemadmo-
2779 4957 2858 5010 Id.
2890 4953 3084 5008 Tamen
3124 4961 3369 5024 quantum
3392 4969 3471 5010 me

1962 5048 2001 5059 η.
2048 5046 2128 5059 ...η
2180 5030 2345 5059 4;“...
2401 5027 2635 5059 ληίης...
2712 5025 2876 5059 λιι...
2904 5024 3133 5059 suae...
3160 5024 3355 5059 "una;

1878 5031 2015 5113 dum.
2042 5046 2128 5113 me
2178 5024 2345 5083 dicere
2400 5027 2635 5082 debuisse
2711 5025 2877 5081 dicere
2903 5024 3133 5080 debuisse
3160 5024 3374 5077 credidi.

1877 5101 2092 5157 credidi.

1952 5171 2084 5226 Ibid.
2111 5172 2170 5227 Si
2220 5181 2396 5225 autem
2440 5179 2497 5223 ut
2539 5185 2642 5225 non

185 5079 395 5121 manum
420 5062 474 5116 in
501 5055 696 5115 aratro.
1018 5071 1227 5108 manum
1250 5055 1303 5107 in
1332 5062 1581 5107 aratrum.

256 5136 323 5191 Ν.
356 5132 447 5188 27.
480 5132 563 5185 Ibi
587 5145 706 5200 ergo
740 5128 946 5196 ﬁestine-
1070 5125 1167 5200 Id.
1190 5123 1274 5178 Ibi
1296 5140 1418 5200 ergo
1440 5127 1774 5200 suspiremus,

187 5223 302 5263 mus
327 5206 413 5260 ubi
438 5207 547 5275 iam
575 5198 678 5256 non
725 5201 947 5255 timetur.
1022 5198 1110 5252 ubi
1127 5212 1263 5251 mors
1275 5198 1391 5268 jam
1421 5212 1523 5250 non
1549 5198 1771 5253 timetur.
1882 5198 2642 5314 gl‘os‘g‘g"ﬂ‘zli'}”"
2716 5198 3330 5310 bu;:39:3‘::':;‘

260 5315 468 5374 LIBER
505 5314 594 5370 DE
633 5308 1118 5394 ASSUWIIQEE
1164 5309 1417 5365 ΒΕΑτῶ
1456 5309 1695 5367 “RW
2038 5308 2430 5394 ‘s'euuoues
2460 5334 2550 5390 AD
2580 5308 2896 5389 Fauces
2940 5329 3005 5386 IN
3036 5328 3292 5386 saeuo.

829 5380 1145 5438 VIRGINIS.
2061 5380 2429 5394 νυ--ι--ν-ν-ν
2460 5380 2543 5390 ιη
2580 5380 2601 5388 -
2623 5380 2891 5389 --η-η--
2940 5380 3005 5386 η.
3036 5380 3289 5386 ____-_,,
3460 5401 3495 5435 ὁ

895 5475 932 5481 ’³
974 5477 985 5481 ‘
1074 5474 1086 5481 ·
1264 5476 1277 5481 -
1567 5476 1583 5481 -
1618 5478 1631 5481 ~
1694 5478 1745 5481 -Α
2524 5441 2835 5481 senuoxu.

1962 5524 2184 5595 Legitur
2238 5522 2294 5578 in
2348 5520 2488 5576 Bibl.
2526 5517 2811 5582 Laurent.,
2854 5513 2991 5585 plut.
3036 5528 3158 5582 ινδ,
3206 5511 3336 5568 Cod.
3380 5528 3475 5583 xx,

2784 5166 2862 5222 Id.
2895 5166 2955 5222 Si
2983 5175 3152 5221 autem
3168 5181 3273 5219 non
3297 5172 3354 5220 ut
3381 5165 3472 5224 de-

263 5481 483 5555 Legitur
511 5480 581 5543 in.
605 5478 743 5535 Bibl.
769 5474 1154 5548 Magliabech.,
1180 5476 1298 5531 cod.
1334 5493 1496 5532 Lux:
1518 5515 1534 5542 ,
1561 5476 1657 5532 fol.
1685 5478 1776 5532 68.

269 5575 415 5632 Edit.
440 5572 598 5629 Pref.
623 5571 818 5637 Quibus
836 5586 957 5624 cre-.
1091 5567 1226 5622 Cod.
1282 5568 1478 5635 Quibus
1532 5569 1785 5626 credimus
1892 5620 1913 5637 ,
1947 5567 2092 5637 ,ω’ξζ

196 5619 911 5705 άίᾶἷὲιῖὲἓι’ἵέἑιῗιίἱιῖιῐιζ”
1024 5648 1070 5694 et
1092 5619 1224 5693 gari;
1242 5619 1473 5696 ,ιῖῖῇίιιῗ
1892 5620 1981 5674 τοι.
2026 5619 2149 5675 158.

267 5717 401 5775 Ibid.
444 5715 635 5770 Tamen
683 5716 849 5786 ipsum
889 5730 953 5771 es
1099 5710 1177 5766 Id.
1249 5710 1439 5786 Tamen
1501 5712 1668 5786 ipsum
1724 5728 1788 5767 es:
1964 5709 2105 5765 Edit.
2134 5709 2233 5786 Qui
2262 5708 2330 5761 ad
2360 5703 2646 5760 conversio-

176 5800 343 5862 ,parte
370 5788 511 5861 quod
551 5789 643 5852 est,
672 5780 876 5841 dicatur
905 5798 957 5842 ut
1032 5793 1175 5851 parte
1209 5785 1346 5855 quod
1396 5793 1488 5845 est,
1524 5785 1689 5839 dicam
1733 5793 1786 5837 ut
1893 5797 2125 5862 nemnos
2143 5780 2308 5862 gdmo:

1962 5798 2007 5862 in
2025 5797 2125 5862 nos
2143 5780 2408 5862 gdmonet.

200 5848 293 5923 'est.
384 5848 396 5861 ’
629 5848 638 5852 “
1030 5848 1123 5911 est.
1221 5848 1232 5855 ’
1964 5852 2097 5911 Ibid.
2132 5849 2198 5907 Et
2249 5851 2435 5905 iterum
2464 5848 2650 5924 surgit.

2791 5709 2925 5755 hoc.
2954 5699 3057 5767 Qui
3077 5702 3139 5756 de
3159 5700 3480 5758 conversione

2726 5788 2818 5827 nos
2836 5774 3095 5827 admonet.

2796 5841 2876 5901 Id.
2899 5842 3178 5901 Et‘iterum
3201 5843 3443 5914 resurgit.
