4018 6422
516 325 656 385 ΙΩᾹἹ

513 444 697 514 Iacob,
729 445 952 501 benedici
977 453 1146 498 tamen
1168 459 1222 497 se
1242 457 1276 495 a

514 519 701 573 victore
733 533 880 586 posse
901 515 1154 585 cognovit.

587 589 720 644 Ibid.
767 589 931 651 Quale
983 595 1280 654 mysterium

513 659 570 714 in
593 659 868 714 certamine
885 657 903 710 !
918 654 1183 724 lnﬁrmior
1210 671 1282 710 τεο

516 731 777 784 stimatur.

585 799 718 855 Ibid.
778 798 1044 853 Benedixit
1112 799 1273 852 victus

511 872 628 937 qui,
660 881 762 926 etc.

585 942 716 996 Ibid.
755 942 889 1007 Quia
924 950 970 994 et
1018 940 1061 995 si
1089 941 1272 994 adrer-

514 1014 638 1066 sarii
662 1014 980 1082 resipiscam,
1010 1021 1113 1065 etc.

585 1083 716 1138 Ibid.
765 1084 900 1150 Quid
945 1082 1078 1134 illud
1125 1084 1276 1135 etiam

513 1165 610 1217 est,
640 1157 774 1224 quod
806 1162 917 1224 post
944 1155 1088 1206 illam
1113 1155 1276 1206 collu-

513 1222 783 1279 ctationem
849 1222 1010 1277 Iacob
1070 1224 1274 1278 benedi-

514 1298 730 1348 ctionem
753 1295 970 1363 accepit,
991 1303 1037 1347 et
1059 1296 1276 1348 claudus

512 1366 722 1421 incedit.

566 1437 722 1493 .Ibid.
754 1436 896 1502 Hoc,
923 1439 1043 1506 quia
1083 1437 1146 1490 de
1171 1437 1272 1492 Ja-

512 1506 625 1577 cob,
657 1510 710 1561 id
757 1519 828 1562 est
875 1509 939 1560 de
966 1510 1122 1577 stirpe
1165 1507 1274 1561 Ju-

512 1578 759 1632 decorum.

587 1649 718 1703 Ibid.
736 1648 850 1731 Hoc
863 1650 1116 1731 indicabat
1128 1665 1275 1720 posse

511 1734 630 1775 eum
658 1736 691 1773 a
719 1730 880 1774 morte
906 1730 1059 1773 vinci.

1701 323 2098 380 APPENDICIS
2135 322 2542 382 AUGUSTINIA
2552 325 2614 381 NI

1345 439 1529 512 Iacob,
1554 443 1779 496 benedici
1807 453 1976 496 tamen
2003 459 2055 497 se
2075 459 2108 495 α
2134 447 2184 504 Α
2282 441 2416 496 Ibid.
2442 440 2683 511 Sequeris
2703 451 2898 514 postea.

1347 513 1480 585 victo
1507 531 1656 585 posse
1675 523 1928 585 coynovit.

1425 583 2022 656 Id.'Qualeniysterium!
2045 584 2112 639 In

1354 656 1628 710 certamine
1680 656 1934 724 infirmior
1976 658 2111 711 testi-

1355 739 1548 779 utatur.

1425 799 1500 851 Id.
1528 797 1791 852 Benedicit
1821 800 1978 853 victus
2001 801 2109 868 qui,

1352 878 1456 924 etc.

1422 942 1494 996 Id.
1520 941 1654 1008 Quia
1674 952 1718 995 et
1732 941 2055 1006 adversariis,
2069 942 2113 994 si

1349 1013 1673 1081 resipiscam,
1703 1022 1808 1066 etc.

1423 1083 1501 1139 Id.
1529 1081 1666 1148 Quid
1693 1082 1992 1137 etiamillud
2011 1091 2109 1149 est,

1347 1156 1485 1223 quod
1509 1166 1776 1224 postquam
1802 1155 1947 1208 illam
1962 1155 2111 1206 bene-

1349 1226 1622 1278 dictionem
1665 1226 1825 1278 .lacob
1883 1225 2110 1294 accepit,

1350 1296 1567 1349 claudus
1595 1297 1804 1350 incedit.

1418 1438 1498 1492 Id.
1531 1436 1649 1492 Hoc
1676 1448 1748 1491 est
1777 1437 1912 1508 quod
1934 1439 1997 1490 de
2015 1436 2111 1490 Ja-

1344 1510 1458 1573 cob,
1490 1510 1543 1561 id
1587 1519 1660 1563 est
1701 1511 1764 1562 de
1813 1509 2112 1562 Judworum

1345 1596 1545 1649 genere.

1419 1651 1500 1706 I'd.
1535 1651 1654 1704 Hoc
1679 1651 1941 1704 indicabat
1966 1667 2112 1718 posse

1347 1722 1553 1793 quidem
1575 1739 1690 1776 eum
1713 1739 1744 1775 a
1765 1732 1926 1786 morte
1959 1722 2108 1775 vinci.

926 1830 1158 1886 SERMO
1199 1831 1286 1886 DE
1327 1831 1672 1888 LATRONE.

575 1945 684 2002 (Est
729 1947 857 2007 apud
899 1945 1240 1994 Combelisium
1279 1946 1375 1995 sub
1416 1948 1613 1997 nomine
1653 1951 1808 1997 sancti
1855 1947 2102 2000 Ambrosii
2204 1944 2328 2007 ".m"
2374 1934 2720 2007 ’ἶθεοαῖἕθδεέίν
2752 1937 2970 2007 θυῖηυξ·

511 2008 591 2059 vel
616 2010 769 2076 sancti
798 2008 1015 2076 Maximi,
1040 2007 1170 2076 Bi_bl._
1195 2008 1498 2076 goncionat”
1526 2019 1639 2076 tom.
1668 2009 1757 2069 III,
1781 2010 1862 2076 fol:
1889 2013 1976 2061 8'21
2008 2016 2100 2076 bis,

512 2077 565 2139 et
587 2086 613 2118 ι.
634 2070 1172 2139 ερμᾲβεηοιι-Μᾳχὶωἰ
1207 2069 1489 2120 Editionem
1531 2070 1820 2134 Romanam)
1848 2073 2058 2134 [Patrol.
2085 2069 2100 2139 ;

510 2137 624 2183 tom.
652 2131 801 2192 LVII,
820 2141 907 2180 σοι.
930 2131 1061 2192 5451.

588 2235 807 2305 Legitur
837 2251 957 2290 cum
986 2237 1203 2292 nomine
1244 2239 1417 2294 sancti
1457 2239 1739 2311 Augustini
1793 2244 1843 2298 in
1896 2245 2106 2301 duobus

514 2325 1049 2391 coddgFlorentinis,
1083 2342 1275 2397 nempe
1303 2328 1441 2383 Bibl.
1469 2331 1810 2399 ίΕαὶιηεοᾶ.
1847 2350 2102 2400 cxsxvm,

510 2415 606 2472 fol.
634 2417 762 2484 258,
792 2427 847 2474 et
877 2419 998 2474 cod.
1029 2435 1213 2484 chm,
1242 2419 1336 2476 fol.
1371 2421 1472 2476 I95
1495 2426 1542 2478 b.

585 2506 727 2562 Edit.
746 2509 988 2564 Coutbel'.
1010 2512 1268 2575 Quoniam

1413 2512 1583 2589 Codd.
1642 2517 1831 2571 Audiat
1872 2521 1926 2572 in
1973 2536 2106 2589 prte-

511 2577 664 2658 hodie
705 2579 968 2658 Evangelii
1018 2584 1168 2658 lectio
1204 2584 1267 2636 de
1338 2586 1468 2658 senti
1483 2577 2105 2658 dilectiovestra,[rdtres,

509 2648 736 2704 Latrone
763 2651 880 2719 fecit
913 2653 1216 2705 mentionem
1245 2693 1260 2719 ,

511 2720 775 2773 videamus
821 2723 933 2788 quis
982 2723 1090 2789 ipse
1134 2723 1263 2776 latro

1337 2656 1447 2722 quis
1471 2658 1536 2710 sit
1558 2659 1652 2712 iste
1671 2661 1825 2728 latro,
1856 2656 1961 2716 etc.

509 2791 594 2844 sit.
624 2790 682 2846 S.
711 2792 847 2873 Mart.
881 2792 1009 2846 edit.
1037 2792 1292 2859 Quoniam
1321 2794 1552 2849 hesterno
1578 2798 1662 2852 die
1683 2799 1747 2853 de
1769 2801 1966 2855 latrone
1985 2805 2109 2873 feci-

515 2873 630 2914 mus
653 2863 977 2927 mentionem,
1005 2873 1108 2916 etc.

583 2932 721 2986 Edit.
758 2933 891 2986 Ecce
917 2950 1032 2986 reus
1058 2935 1266 3000 dicitur,

509 3003 640 3058 sicut
668 3005 752 3056 cui
779 3005 1016 3057 danmari
1047 3008 1114 3056 ad
1138 3016 1266 3059 tem-

549 3090 608 3147 us
630 3076 903 3147 egpediunt
952 3074 1065 3147 [Sic
1106 3077 1257 3147 Com.

549 3144 620 3218 el,
641 3145 797 3218 ﬁdit.
812 3144 1265 3218 Maxfetcpedivit].

578 3214 710 3269 Ibid.
737 3215 798 3271 Si
820 3233 921 3270 non
950 3214 1266 3273 contraditus

508 3296 634 3338 esset
661 3287 728 3339 ad
757 3303 976 3356 poenam.
1137 3322 1146 3330 ο

581 3357 722 3410 Edit.
758 3359 902 3410 Max.
929 3356 1059 3413 Plus
1086 3361 1266 3429 incipit

508 3442 654 3500 vere
669 3498 679 3500 _
697 3429 834 3498 quod
884 3439 1051 3500 sperat
1076 3469 1090 3493 ,
1143 3448 1264 3488 cum

509 3496 737 3553 Latinio.

580 3640 723 3695 Edit.
753 3654 958 3697 omnes.
1006 3641 1190 3698 Potuit
1220 3662 1272 3699 e-

511 3712 650 3776 nim,
682 3712 888 3787 nisi_de
917 3714 1106 3787 futuris
1135 3717 1275 3787 cogig

513 3789 687 3847 tusset,
719 3783 807 3851 qui
830 3783 882 3836 in
907 3783 1109 3839 Christo
1122 3783 1275 3841 semel

509 3853 814 3920 crediderat,
845 3855 907 3907 de
921 3858 1160 3923 prcesenti
1175 3874 1276 3911 ma-

509 3923 858 3996 gis‘supplicio
882 3930 1162 3996 deprecari.

584 3994 718 4050 Ibid.
753 3994 900 4058 Quod
931 3994 983 4049 in
1015 3996 1269 4054 Christum

509 4064 564 4118 in
593 4080 744 4121 cruce
771 4068 987 4125 positum
1031 4070 1268 4125 credidit.

584 4135 717 4212 Ibid.
751 4135 845 4189 Illi
871 4140 938 4191 ad
960 4138 1115 4205 [idem
1146 4158 1262 4212 pro-

532 4208 651 4263 'ecit.

510 4206 651 4278 fecit.
1146 4206 1156 4212 ⁷

581 4278 713 4334 Ibid.
771 4278 904 4332 Dicit
955 4281 1090 4333 enim
1134 4282 1270 4338 idem

509 4349 785 4422 Apostolus
802 4365 821 4403 .'
839 4349 976 4422 Ipsis
989 4364 1157 4405 autem
1176 4371 1234 4407 vo
1245 4382 1266 4394 -

509 4421 634 4489 catis
654 4419 853 4474 Iudaeis
869 4419 1032 4489 atque
1080 4422 1272 4481 Graecis

510 4488 610 4564 Dei
630 4489 866 4544 virtutem
883 4502 929 4544 et
948 4488 1047 4543 Dei
1069 4496 1272 4564 sapien-

508 4561 652 4614 tiam.

581 4631 714 4686 Ibid.
739 4631 868 4687 Cum
891 4633 1088 4689 veneris
1116 4636 1168 4690 in
1188 4655 1271 4693 re-
1319 4670 1324 4675 ~

508 4718 614 4775 gno
636 4713 745 4775 tuo.

583 4774 713 4827 Ibid.
748 4771 854 4829 Pro
897 4777 1078 4831 alienis
1107 4781 1268 4835 scele-

509 4843 648 4897 ribus
679 4843 786 4898 hatc
806 4847 1017 4902 vulnera
1046 4851 1270 4906 sustine-

509 4923 717 5040 rethid.
753 4983 887 5040 Eum
910 4990 1093 5044 essein
1127 4993 1272 5048 dolo-

510 5072 564 5110 re
593 5071 612 5109 :
642 5057 798 5110 livore
825 5061 960 5130 ejus,
993 5071 1100 5116 etc.

1419 2936 1495 2992 Id.
1526 2939 1658 2994 Ecce
1687 2956 1836 3006 reus,
1869 2944 1995 2996 sicut
2025 2943 2109 2998 di-

1344 3008 1508 3086 citur,
1538 3015 1623 3086 cui
1648 3012 1786 3086 [co‘L
1825 3015 1961 3068 male
1999 3013 2106 3086 qui]

1342 3080 1581 3199 Samnari
1607 3080 1666 3135 id
1686 3087 1929 3152 temporis
1952 3080 2108 3154 expel-

1379 3165 1487 3199 wn.

1379 3165 1487 3204 ιυιι.

2285 583 2414 638 Ibid.
2454 584 2719 653 Tanquam
2743 585 2977 655 discipu-

2218 655 2297 706 lus
2327 655 2412 708 ille
2437 655 2700 720 cli/fertur.

2287 725 2419 780 Ibid.
2466 725 2637 778 Etiam
2675 728 2744 778 ad
2767 743 2978 782 consor-

2217 796 2474 866 tiumrillei
2488 797 2746 866 diligitur.

2290 865 2420 918 Ibid.
2448 865 2772 937 [inpossibile
2787 879 2858 922 est
2885 868 2982 922 Pe-

2215 945 2296 989 tro
2325 939 2466 1006 sequi
2489 938 2763 992 Dominum
2788 955 2805 992 :
2829 941 2983 992 etiam

2219 1007 2368 1077 facile
2402 1010 2593 1062 latroni
2617 1019 2689 1063 est
2730 1025 2838 1064 esse
2865 1027 2980 1063 cum

2218 1077 2464 1133 Domino.

2288 1149 2419 1204 Ibid.
2453 1149 2578 1218 Ipsa
2601 1150 2730 1203 hora
2757 1168 2860 1221 qua
2884 1168 2980 1220 pa-

2216 1221 2422 1274 radisus
2440 1221 2722 1274 Dominum
2742 1224 2978 1290 suscipit,

2218 1293 2428 1360 suscipit
2450 1302 2501 1345 et
2528 1293 2796 1346 latronem.

2256 1361 2422 1444 ‘Ibid.
2469 1361 2586 1444 _Sed
2640 1365 2774 1444 hanc
2828 1374 2987 1417 totam

2214 1430 2434 1500 gloriam
2461 1434 2690 1497 latroni,
2722 1447 2826 1489 etc.

2294 1503 2424 1557 Ibid.
2458 1503 2591 1558 Plus
2632 1505 2766 1557 enim
2811 1507 2984 1560 credi-

2217 1574 2352 1628 disse
2373 1574 2596 1638 Christo,
2619 1592 2774 1643 quam
2789 1579 2984 1631 steculo

2215 1645 2507 1712 deliquisse.

2295 1717 2431 1770 Ibid.
2461 1716 2528 1770 In
2557 1719 2652 1771 hoc
2674 1718 2806 1772 enim
2825 1720 2980 1773 totius

2217 1789 2383 1856 [arma
2411 1788 2596 1841 salutis
2622 1800 2730 1854 est;
2755 1790 2982 1844 salvato-

2129 1835 2179 1893 Β
2205 1835 2312 1910 item
2334 1867 2456 1911 tunc
2479 1835 2768 1933 ritajestaiis
2797 1862 2974 1914 Domi-

2207 1999 2354 2077 detur
2384 1999 2689 2077 humilitatis
2729 2004 2974 2071 patientia

2205 2071 2448 2125 cruciari.

3698 337 3824 394 1948

3125 443 3206 500 Id.
3241 445 3492 517 Sequeris
3509 460 3679 504 autem
3695 466 3823 522 pest-

3125 586 3220 664 id.
3243 588 3530 664 Tanquam
3591 611 3824 664 properus

3053 657 3144 710 ille
3168 657 3439 727 άίπενιιέν.

3132 730 3207 784 Id.
3241 731 3312 783 Et
3331 734 3442 807 iam
3463 734 3566 787 iste
3590 737 3828 807 deligitur

3055 799 3126 852 ad
3163 805 3506 858 consortium.

3127 869 3208 924 Id.
3241 870 3312 924 Id
3353 877 3682 938 impossibile
3726 893 3825 935 erat

3057 937 3217 1022 I’etro
3240 937 3586 1022 sequi-Deum
3613 990 3626 1011 ,
3654 961 3698 1001 et
3714 955 3822 1022 jus

3051 1013 3209 1080 facile
3260 1027 3336 1068 est
3383 1019 3548 1070 istum
3575 1035 3682 1072 esse
3714 1013 3822 1076 'cuu

3054 1081 3306 1142 Domino.

3127 1153 3206 1210 Id.
3241 1155 3371 1232 l_psa
3393 1160 3525 1213 liora
3551 1181 3654 1230 qua
3679 1183 3819 1232 paru-

3055 1224 3198 1278 disus
3245 1226 3535 1306 Dominum
3563 1224 3813 1306 suscepit,

3055 1299 3278 1363 suscepit
3306 1314 3352 1350 ei
3383 1306 3666 1361 latronem.

3135 1366 3210 1420 Id.
3227 1368 3340 1448 Sed
3352 1373 3491 1448 hanc
3513 1387 3706 1430 tantum
3724 1397 3817 1448 5.0-

3057 1437 3188 1491 riam
3219 1441 3441 1507 latroni,
3471 1457 3582 1500 etc.

3133 1508 3210 1562 Id.
3244 1509 3380 1566 Plus
3408 1526 3484 1568 est
3535 1520 3672 1570 enim
3714 1535 3812 1573 cre-

3057 1579 3249 1655 didisse
3276 1583 3508 1647 Christo,
3555 1606 3706 1655 quam
3730 1607 3813 1644 sc-

3055 1653 3227 1726 culum
3248 1653 3611 1726 dereliquisse.

3123 1721 3204 1777 Id.
3235 1723 3302 1777 In
3345 1721 3444 1780 hoc
3490 1731 3630 1782 enim
3673 1733 3812 1787 totius

3053 1792 3225 1875 forma
3255 1797 3480 1875 salutis,
3508 1805 3653 1869 quod
3679 1805 3808 1875 [ωδ.

3045 1866 3182 1917 male
3207 1864 3319 1938 qui]
3351 1864 3811 1928 Salvalcreznituuc

3046 1939 3335 2005 maiestatis
3387 1938 3676 1995 Dominum
3733 1964 3807 1999 co-

3045 2011 3263 2086 gnoscit,
3290 2027 3408 2063 cum
3433 2014 3690 2086 rideretur
3710 2033 3810 2086 qus

3054 2079 3316 2133 ‘tumilitas
3343 2085 3473 2150 pati.
3499 2084 3702 2140 Cetera
3729 2079 3809 2142 de-

2224 2273 2458 2329 SEMIO
2513 2275 2578 2330 IN
2625 2276 3044 2335 NA’I‘ITIVATE
3090 2281 3376 2339 JUANNIS
3436 2285 3806 2346 BAPTISI'JL

2275 2407 2842 2487 (Est-sanctiriljullge’ntii
2884 2414 3419 2487 apudwgombefisiutp,
3447 2429 3568 2474 tom.
3595 2391 3712 2487 γῖι,
3733 2427 3804 2480 fol.

2213 2469 2297 2532 69,
2343 2470 2436 2520 col.
2467 2470 2515 2536 1)
2555 2469 2788 2536 [Patfol.,
2823 2469 2936 2526 toni.
2965 2477 3047 2525 LI
3059 2480 3119 2540 Υ,
3141 2479 3233 2529 col.
3257 2483 3390 2544 922].

2281 2596 2496 2667 Legitur
2551 2598 2602 2652 in
2655 2599 2790 2655 Bibl.
2836 2600 3114 2671 Laurent.,
3164 2606 3295 2674 plut.
3352 2625 3472 2677 xm,
3529 2619 3653 2669 cod.
3696 2632 3797 2685 rut,

2212 2690 2308 2744 fol.
2351 2691 2462 2746 200
2493 2692 2556 2758 b;
2588 2693 2676 2746 ubi
2708 2694 2759 2747 in
2789 2695 2969 2748 multis
2994 2694 3172 2751 dilI'ert
3200 2700 3269 2753 ab
3300 2701 3488 2759 editis.

2285 2801 2429 2857 Edit.
2513 2801 2725 2856 Nullius
2793 2806 2975 2872 quippe

2213 2875 2428 2926 celebrat
2462 2872 2692 2926 Ecclesia
2716 2875 2849 2929 diem
2877 2891 2975 2944 quo

2216 2959 2421 2996 carnem
2442 2946 2976 3013 assumpsit,quinimo

2213 3013 2346 3068 illud
2394 3015 2680 3084 frequentat
2707 3032 2828 3086 quo,
2869 3027 2972 3071 etc.

2290 3156 2417 3210 Ibid.
2485 3156 2704 3212 Sanctus
2753 3155 2980 3213 Joannes

1413 3221 1487 3274 Id.
1518 3222 1637 3276 Nisi
1655 3225 1875 3280 traditus
1895 3236 2022 3280 esset
2043 3229 2112 3282 ad
2137 3218 2182 3278 C
2217 3243 2279 3280 ex
2301 3237 2447 3280 utero
2477 3237 2524 3280 et
2572 3230 2625 3280 in
2677 3239 2818 3280 utero
2851 3229 2978 3299 Spi-

1340 3309 1558 3362 poenam.

1413 3365 1492 3418 Id.
1546 3365 1678 3419 Cum
1740 3365 1987 3424 Combei.
2055 3380 2109 3426 et

1341 3437 1590 3489 omnibus
1619 3437 1777 3490 codd.
1806 3436 1939 3493 Plus
1976 3442 2107 3495 inci-

1343 3507 1417 3573 pit
1469 3506 1642 3560 dolere
1695 3510 1832 3574 quod
1897 3521 2104 3580 sperat,

1343 3591 1538 3645 nempe
1563 3580 1699 3646 quod
1731 3580 1890 3634 timet.

1415 3647 1492 3702 Id.
1532 3647 1710 3702 Potuit
1747 3651 1880 3704 enim
1920 3655 2022 3706 nisi
2046 3654 2110 3708 de

1349 3722 1540 3788 futuris
1570 3722 1837 3793 suppliciis
1884 3727 2108 3793 cogitas-

1347 3800 1462 3856 set,
1493 3793 1579 3860 qui
1607 3792 1661 3844 in
1700 3790 1902 3846 Christo
1933 3790 2111 3848 credi-

1349 3861 1510 3926 derat,
1536 3861 1823 3931 deprecari.

1410 4001 1486 4056 Id.
1510 4003 1609 4070 Qui
1622 4003 1876 4060 Christum
1887 4007 1942 4060 in
1959 4023 2111 4064 cruce

1343 4075 1564 4142 positum
1579 4074 1856 4130 Dominum
1869 4081 2108 4135 credidit.

1401 4143 1493 4222 Id.
1518 4143 1612 4199 Illi
1642 4148 1708 4199 ad
1739 4152 1956 4203 salutem
1987 4168 2106 4222 pro-

1345 4217 1464 4285 fecit
1475 4258 1486 4270 .

1416 4287 1491 4340 Id.
1524 4289 1663 4343 Dicit
1693 4292 1826 4344 enim
1875 4300 1923 4345 et
1972 4293 2108 4347 idem

1341 4360 1618 4432 dpostolus
1649 4401 1666 4432 ,
1741 4363 1848 4432 ipse
1920 4380 2106 4418 vocans

1347 4427 1602 4482 Christum
1635 4431 1732 4484 Dei
1761 4427 2020 4487 't'irtutcm
2059 4446 2108 4489 et

1346 4495 1445 4551 Dei
1473 4503 1793 4568 sapientiam.

1416 4640 1492 4696 Id.
1525 4640 1652 4696 Cum
1693 4645 1884 4699 veneris
1927 4646 1980 4699 in
2025 4663 2104 4701 re-

1343 4728 1498 4783 gnum
1531 4724 1693 4768 tuum.

1417 4783 1490 4837 ld.
1523 4783 1590 4838 Et
1614 4801 1707 4853 pro
1736 4785 1918 4842 alienis
1946 4789 2104 4843 scele-

1343 4854 1485 4909 ribus
1513 4855 1621 4909 hazc
1645 4855 1858 4912 vulnera
1884 4860 2103 4915 sustine-

1342 4933 1441 4978 ret.

1417 4996 1494 5051 Id.
1528 4997 1663 5051 Eum
1683 5015 1789 5054 esse
1825 5001 1878 5054 in
1903 5002 2099 5067 dolore,

1344 5077 1392 5121 et
1424 5069 1581 5123 livore
1601 5072 1733 5141 ejus,
1759 5080 1862 5127 etc.

979 5176 1215 5236 SEIiMO
1256 5183 1344 5238 DE
1386 5183 1644 5240 EODEM.

515 5283 624 5347 (Est
647 5287 801 5338 sancti
828 5286 1025 5339 Maximi
1049 5305 1092 5338 υ
1109 5331 1122 5354 ,
1168 5293 1608 5422 ίησέῗᾶξῂῗεῖωεη.
1634 5299 1871 5360 [Patroi.,
1897 5308 1933 5351 t.
1955 5301 2103 5366 LVII,

585 5454 806 5525 Legitur
831 5456 887 5512 in
921 5457 1110 5515 eodem
1137 5463 1322 5518 codice
1353 5479 1414 5520 ac
1445 5467 1778 5534 praecedens.

489 5559 494 5564 '
587 5546 727 5601 Edit.
756 5546 861 5602 Cur
886 5559 1145 5606 tantorum
1170 5554 1269 5608 cri-

515 5619 709 5671 minum
736 5619 1047 5676 inveteratus
1077 5625 1244 5680 latro?

584 5757 715 5838 Ibid.
779 5757 847 5814 Ut
898 5773 1104 5838 peccata
1163 5769 1272 5838 ejus

511 5834 681 5904 gratia
709 5834 1022 5897 prwvenerit.

1416 5558 1551 5612 Cod.
1585 5558 1688 5614 Cur
1718 5570 1976 5616 tantorum
1997 5566 2103 5619 cri-

1345 5629 1538 5682 minum
1569 5632 1766 5685 malitia
1795 5636 2102 5692 inveteratus

1345 5697 1516 5754 latro?

1417 5769 1493 5824 Id.
1533 5770 1601 5825 Ut
1633 5783 1837 5846 peccata
1857 5777 1966 5846 ejus
1990 5797 2108 5844 qra-

1350 5841 1421 5894 tia
1449 5843 1766 5912 prazveniret.

2213 3299 2323 3351 ritu
2357 3308 2534 3352 sancto
2566 3299 2786 3366 repletus
2810 3302 2976 3370 tripu-

2214 3370 2363 3421 dians
2393 3372 2620 3438 agnovit,
2661 3372 2974 3425 reverendis-

2212 3440 2337 3492 sime
2401 3441 2657 3493 stilutavit.
2719 3442 2976 3506 Quamob-

2212 3524 2318 3563 rem
2371 3511 2586 3565 mittitur
2636 3528 2820 3580 prwco,
2871 3523 2976 3570 etc.

2290 3581 2420 3635 Ibid.
2448 3583 2549 3648 Qui
2578 3586 2813 3652 prwdicet
2843 3584 2970 3638 Sal-

2212 3661 2454 3704 vatorem.
2993 3693 2998 3695 -

2287 3721 2418 3776 Ibid.
2504 3722 2571 3776 Et
2646 3735 2792 3778 erum
2855 3743 2971 3796 qua:

2213 3809 2369 3863 prava
2390 3804 2507 3847 sum
2553 3796 2764 3863 directa,
2789 3808 2834 3850 et
2855 3815 2969 3866 qua:

2211 3879 2392 3938 aspera
2415 3867 2608 3938 suntin
2638 3868 2745 3920 vias
2764 3869 2964 3938 planas.

2283 3936 2416 3989 Ibid.
2461 3933 2657 3989 Videbit
2686 3933 2848 3992 omnis
2878 3957 2962 3992 ca-

2211 4022 2270 4060 ro
2317 4006 2636 4062 Salvatorem
2669 4008 2762 4061 Dei
2792 4013 2967 4066 nostri.

2285 4077 2415 4131 Ibid.
2475 4077 2753 4133 lliunilitas
2793 4085 2974 4148 praeci-

2210 4149 2353 4220 pitur
2375 4150 2648 4214 montibus,
2679 4163 2724 4204 et
2752 4168 2783 4203 a
2821 4169 2973 4220 supe-

2211 4219 2429 4273 rioribus
2483 4221 2575 4273 viis
2648 4239 2710 4274 ac
2783 4219 2974 4278 semitis

2215 4293 2459 4364 tortuosis
2487 4292 2742 4345 rectitude
2768 4305 2813 4364 et
2859 4295 2973 4364 pla-

2212 4361 2359 4413 nities
2405 4363 2702 4431 imperatur.
2757 4362 2827 4416 In
2860 4361 2972 4420 Vlto-

2211 4432 2409 4485 minum
2440 4435 2599 4486 corda
2651 4436 2773 4500 fidei
2805 4452 2973 4505 prisco

2210 4506 2533 4571 componitur
2563 4545 2579 4569 ,
2645 4515 2693 4558 et
2747 4509 2974 4561 humana

2131 4604 2186 4664 Β
2216 4574 2512 4664 mortalitas
2555 4576 2858 4664 deterretur.

2214 4646 2437 4719 carnalis
2495 4647 2790 4713 inﬁrmitas,
2849 4651 2974 4719 quid

2210 4715 2414 4785 [actura
2443 4732 2493 4769 es
2532 4719 2587 4769 in
2613 4722 2833 4772 adventu
2861 4715 2972 4774 'se-

2206 4788 2460 4864 renissimi
2509 4786 2591 4859 [F.
2614 4791 2966 4864 severissimi]

2199 4857 2419 4930 judicis,
2446 4857 2561 4912 cum
2589 4859 2652 4912 de
2691 4863 2791 4914 tuis
2814 4857 2965 4930 [actis

2211 4929 2456 4982 rationem
2493 4932 2702 4984 reddere
2734 4929 2963 5000 carperis,

2209 5015 2323 5073 qua:
2352 5015 2451 5052 non
2495 5002 2567 5054 vis
2596 5018 2729 5054 nunc
2776 5006 2965 5073 pradi-

2206 5070 2460 5124 cationem
2527 5070 2785 5142 suscipere
2836 5078 2966 5129 tanti

2207 5142 2457 5218 praconis
2501 5143 2776 5218 _c_latttttntis
2815 5159 2966 5218 atque

2209 5212 2465 5286 dicentis:
2488 5213 2619 5267 Ecce
2641 5217 2755 5286 jam
2774 5212 2969 5273 securis

2208 5284 2277 5354 ad
2305 5284 2530 5339 radicem
2577 5284 2740 5354 posita
2779 5300 2853 5343 est
2885 5307 2970 5344 ar-

2211 5353 2392 5419 boris;
2442 5367 2489 5410 et
2535 5353 2772 5412 {Omnis
2823 5361 2974 5414 arbor

2209 5440 2324 5495 qua:
2340 5443 2442 5479 non
2467 5428 2594 5498 facit
2633 5429 2855 5498 fructum
2886 5435 2976 5486 bo-

2213 5512 2335 5549 num
2420 5500 2742 5553 ewscindetur
2805 5512 2854 5557 et
2920 5506 2975 5558 in

2212 5569 2379 5637 ignem
2427 5571 2735 5645 _rnittetur.’
2816 5573 2975 5645 Cujus

2215 5640 2462 5708 praeconis
2503 5654 2692 5710 quanta
2741 5640 2974 5704 sublimi-

2217 5717 2295 5764 tas
2335 5715 2586 5766 nascentis
2637 5714 2724 5779 sit,
2776 5717 2830 5769 in
2880 5718 2973 5771 hoc

2217 5784 2477 5850 apparuit.
2525 5783 2664 5837 Dum
2712 5788 2848 5840 enim
2891 5804 2971 5842 es-

2219 5862 2292 5905 set
2323 5852 2511 5908 sterilis
2541 5864 2700 5911 mater
2755 5858 2975 5916 advoca-

3117 2805 3257 2888 Cod.
3347 2810 3568 2888 Nullius
3628 2823 3796 2888 quippe

3047 2885 3436 2954 sancti_prcter
3485 2885 3648 2954 ipsius
3682 2885 3797 2944 celso

3049 2947 3160 3000 brat
3203 2947 3441 3006 Ecclesia
3493 2947 3662 3020 diem,
3714 2979 3798 3024 quo

3048 3034 3250 3096 carnem
3266 3031 3574 3094 assumpsit,
3592 3033 3796 3096 quitum

3047 3090 3362 3166 frequentat,
3395 3090 3524 3166 quo,
3564 3090 3672 3153 etc.

3071 3199 3075 3207 -
3123 3162 3199 3216 Id.
3238 3162 3468 3218 Sanctus
3499 3162 3720 3224 Joannes
3745 3189 3797 3227 α

3051 3241 3192 3285 utero
3229 3236 3288 3307 in
3307 3249 3455 3290 utero
3486 3243 3735 3307 salutavit,
3757 3253 3798 3297 et

3049 3320 3140 3372 per
3173 3306 3350 3360 oculos
3376 3314 3587 3378 mentis",
3620 3313 3797 3377 Spiritu

3049 3385 3226 3454 sancto
3289 3384 3522 3454 repletus
3592 3388 3795 3454 agnorat.

3050 3443 3277 3521 Mittitur
3296 3443 3430 3514 ecce,
3455 3443 3646 3521 fratre;
3659 3458 3797 3509 caris-

3052 3517 3190 3583 simi,
3217 3536 3414 3584 prwco,
3455 3517 3567 3578 etc.

3123 3587 3198 3642 Id.
3230 3590 3334 3656 Qui
3346 3595 3608 3661 prcccedat
3626 3596 3796 3652 Sales-

3045 3669 3230 3713 torem.

3114 3731 3192 3808 I_d.
3219 3731 3290 3808 Et
3311 3747 3470 3788 erunt
3493 3741 3663 3792 omnia
3690 3757 3795 3808 pra-

3042 3817 3100 3876 va
3130 3804 3180 3854 in
3220 3804 3443 3876 directa,
3478 3817 3527 3860 et
3554 3804 3723 3876 aspera
3747 3813 3793 3864 in

3041 3874 3148 3927 vias
3175 3875 3380 3941 planas.

3116 3945 3189 3997 Id.
3233 3945 3438 4002 Videbit
3482 3955 3645 4006 omnis
3686 3969 3795 4007 caro

3044 4017 3270 4069 salutare
3300 4018 3398 4072 Dei
3427 4027 3611 4075 nostri.

3115 4086 3192 4140 Id.
3229 4087 3523 4164 Humilitas
3572 4097 3798 4164 priet-ips}

3047 4167 3128 4210 tur
3158 4161 3412 4235 montibus
3471 4161 3627 4235 illud.
3678 4161 3800 4222 mile

3047 4230 3327 4310 omnibus],
3373 4242 3419 4313 et
3447 4230 3801 4313 .asperioribus

3048 4305 3245 4376 viisuac
3287 4305 3485 4376 semitis
3531 4305 3798 4376 tortuosis,

3045 4372 3217 4448 mollis
3243 4374 3488 4448 planities
3512 4372 3801 4448 imperatur;

3047 4440 3282 4496 Stratam
3321 4447 3374 4497 in
3404 4440 3677 4502 hominum
3699 4467 3802 4504 cor-

3045 4511 3192 4567 dibus
3252 4515 3373 4591 ﬁdei
3445 4511 3589 4591 viam
3651 4538 3801 4591 prices

3045 4587 3322 4662 componit,
3350 4599 3396 4640 et
3429 4587 3665 4645 humano
3703 4599 3814 4662 ira;

3044 4655 3217 4723 gilitas
3256 4664 3578 4724 expavescit.
3630 4663 3674 4716 0
3703 4655 3802 4716 Ἰιιξ

3043 4741 3192 4780 mana
3224 4728 3531 4803 inﬁrmitas,
3580 4736 3702 4803 quid
3727 4736 3800 4803 [s-

3044 4807 3188 4875 ctura
3226 4815 3276 4852 es
3338 4801 3393 4853 in
3454 4801 3682 4858 adventu
3725 4801 3802 4875 ju-

3039 4868 3166 4920 dicis
3197 4884 3311 4939 qua:
3341 4888 3448 4943 non
3485 4877 3701 4943 potuisti
3725 4868 3802 4928 ἱιο-

3038 4953 3146 5015 cem
3210 4941 3496 5015 sustinere
3545 4950 3802 5015 praemis.

3044 5005 3182 5062 Nam
3202 5012 3253 5063 in
3281 5013 3377 5065 hoc
3405 5005 3567 5070 tantis
3588 5022 3803 5073 sublimi-

3039 5088 3116 5158 tas
3179 5086 3436 5141 nascentis
3548 5092 3801 5158 apparuit.

3040 5149 3179 5227 Dum
3202 5164 3358 5227 esset
3397 5155 3604 5213 sterilis
3628 5149 3802 5227 mater,

3043 5220 3340 5303 loquebatur
3367 5237 3556 5303 pater;
3603 5235 3660 5298 ﬁt
3695 5220 3802 5303 [add

3043 5295 3260 5373 sterilis,
3306 5295 3375 5373 et
3400 5295 3634 5373 efficitur
3679 5295 3806 5373 pater

3047 5363 3285 5443 elinguis.
3309 5363 3508 5425 Subito
3537 5363 3700 5443 igitui
3716 5374 3808 5428 Gc-

3048 5437 3171 5512 briel
3198 5437 3288 5512 ille
3315 5437 3641 5498 secretorum
3668 5446 3808 5512 [arni-

3047 5508 3347 5563 liarissimus
3387 5508 3719 5578 divinorum,
3749 5532 3809 5570 te-

3046 5579 3231 5651 thereis
3263 5579 3412 5651 [(20d.
3474 5587 3628 5641 mule
3681 5599 3810 5641 icter-

3044 5648 3149 5723 nis]
3180 5648 3348 5704 vectus
3379 5654 3434 5707 in
3486 5660 3664 5723 auris,
3712 5662 3810 5711 αέα-

3045 5722 3196 5773 ονὶιιτν
3222 5733 3267 5775 et
3309 5725 3527 5791 placido
3585 5722 3808 5782 alludeus

3045 5791 3255 5867 volatu,
3280 5795 3444 5848 astitit
3484 5813 3695 5867 coram,
3725 5805 3810 5854 sic-

3045 5879 3143 5931 que
3184 5865 3471 5932 alloquitur
3501 5865 3811 5930 Zacharia-
