4018 6468
561 411 699 469 1255

560 545 815 587 revocare
850 545 1106 576 ueucmua
1128 545 1146 582 ί
1194 545 1351 569 unum

559 629 740 676 nostra
779 609 989 688 (Matth.
1021 623 1100 676 vi,
1131 603 1242 675 12).
1270 612 1358 659 etc

1114 720 1193 775 De
1229 719 1352 774 Cibo
1390 715 1594 771 animm.

639 843 680 897 1.
719 841 884 897 Cibus
913 839 1106 893 animae
1140 832 1522 904 contemplatio
1564 829 1659 885 Dei
1692 835 1794 882 est.
1841 823 1949 880 Sed
1976 821 2152 877 scien-

566 937 696 994 dum
719 933 963 1003 estquod
995 945 1148 986 mens
1171 929 1402 982 humana
1435 926 1570 980 utin
1592 918 2044 990 contemplatione
2071 914 2154 970 di-

569 1029 691 1084 vina
722 1027 1008 1092 nutriatur,
1034 1021 1264 1090 seipsam
1291 1017 1449 1073 oculo
1474 1029 1573 1070 suo
1601 1013 1778 1067 videat
1807 1021 2026 1064 necesse
2047 1013 2151 1059 est.

571 1123 631 1181 ld
659 1131 772 1189 est,
803 1117 1109 1174 consideret
1145 1114 1348 1180 absque
1385 1108 1576 1164 ofﬁciis
1607 1102 1885 1162 exterioris
1927 1097 2158 1154 hominis

571 1215 748 1288 qualis
774 1222 828 1268 et
853 1220 1050 1282 quanta
1075 1208 1163 1263 sit.
1189 1235 1259 1247 —
1288 1204 1354 1260 ll.
1387 1204 1464 1258 De
1492 1201 1618 1255 hinc
1659 1203 1893 1253 transeat
1918 1193 1984 1248 ad
2025 1207 2158 1247 con-

573 1285 937 1380 templandam
986 1305 1265 1360 beatorum
1316 1296 1630 1368 angelorum
1678 1291 2008 1351 claritatem,
2060 1285 2159 1340 ﬂa-

574 1376 834 1470 grantiam
861 1406 915 1450 et
939 1393 1300 1449 securitatem.
1323 1387 1455 1442 Nam
1486 1387 1538 1440 in
1565 1383 1650 1438 his
1674 1396 1733 1436 se
1763 1381 1876 1450 ipsa
1906 1391 2058 1432 mens
2079 1376 2160 1430 di-

578 1469 706 1547 vino
769 1503 994 1546 munere
1050 1485 1232 1556 adjuta
1281 1481 1440 1537 latius
1488 1476 1708 1532 dilatare
1765 1472 1926 1528 valet.
1969 1497 2038 1508 —
2098 1469 2160 1522 ll.

577 1582 788 1639 Abhinc
834 1585 1075 1634 transeat
1119 1574 1186 1628 ad
1243 1569 1729 1626 considerationem
1773 1561 2164 1628 circumscripti

581 1671 833 1734 luminis;
857 1669 910 1723 id
935 1675 1018 1722 est
1036 1665 1098 1718 ad
1122 1659 1564 1717 considerandam
1587 1653 2024 1724 omnipotentiam
2052 1648 2169 1703 Dei-

579 1765 731 1828 tatis;
761 1761 852 1816 sed
881 1760 935 1812 in
960 1758 1059 1811 hac
1088 1752 1520 1809 consideratione
1550 1746 1854 1817 castiganda
1883 1753 1964 1799 est
1991 1755 2166 1808 mens,

582 1869 652 1910 ne
678 1851 904 1921 aliquam
953 1849 1055 1904 sibi
1101 1859 1413 1915 corpoream
1455 1840 1855 1900 similitudinem
1905 1837 2069 1905 ﬁngat
2114 1834 2166 1888 in

581 1947 716 2003 Deo.
745 1942 1010 2011 Quamdiu
1033 1940 1266 2008 aliquam
1291 1935 1690 1991 similitudinem
1714 1929 2044 2001 cogitaverit,
2065 1941 2170 1981 non

476 2059 478 2061 ·
555 2095 559 2104 ,
584 2039 791 2096 esthoc
814 2037 985 2100 Deus;
1016 2034 1108 2089 sed
1132 2047 1256 2087 cum
1282 2031 1556 2101 agnoverit
1581 2025 1928 2082 substantiam
1955 2021 2174 2076 Deitatis

585 2127 1206 2197 incomprehensibilem,
1255 2120 1691 2186 inenarrabileui,
1718 2115 2064 2179 invisibilem,
2093 2115 2176 2166 iu-

588 2223 1070 2291 circumscripta'm,
1101 2219 1297 2288 ubique
1327 2225 1525 2285 totam,
1574 2226 1836 2282 nusquam
1874 2207 2168 2274 exclusam,

591 2321 694 2374 hoc
730 2325 816 2372 est
852 2316 1008 2370 Deus.

1076 2427 1152 2480 De
1188 2424 1466 2478 Locutione
1503 2422 1696 2475 divina.

666 2545 704 2599 Ι.
751 2543 967 2598 Duobus
994 2539 1168 2594 modis
1200 2537 1436 2607 loquitur
1461 2535 1630 2598 Deus;
1657 2531 1707 2603 id
1732 2538 1816 2586 est
1843 2535 1936 2583 aut
1965 2541 2062 2597 per
2101 2539 2178 2588 se,

594 2645 688 2693 aut
719 2652 813 2705 per
850 2635 1146 2704 subiectam
1179 2643 1500 2687 creaturam.
1551 2627 1776 2695 Quando
1822 2641 1916 2696 per
1945 2638 2036 2687 se,
2066 2621 2183 2675 sine

595 2729 775 2784 verbis
805 2743 899 2782 cor
924 2727 1170 2789 docetur,
1203 2736 1256 2777 ut
1288 2723 1412 2777 illud
1446 2740 1458 2774 :
1494 2721 1635 2774 Dixit
1673 2719 1881 2789 spiritus
1913 2714 2182 2782 Philippo,

596 2829 701 2875 etc.
737 2817 874 2890 (Act.
906 2832 1020 2881 vui,
1062 2814 1180 2884 9.9).
1201 2841 1271 2853 —
1292 2812 1358 2868 ll.
1387 2810 1610 2878 Quando
1639 2823 1766 2863 vero
1797 2822 1890 2876 per
1915 2804 2181 2874 angelum,

597 2910 882 2983 aliquando
946 2907 1124 2963 verbis
1193 2913 1250 2959 ut
1312 2904 1479 2960 illud:
1515 2902 1813 2970 Ctariﬁcavi
1850 2899 2030 2968 (Ioan.
2081 2911 2181 2960 xu,

597 3004 720 3072 28),
751 3012 870 3066 etc;
902 2999 1188 3071 aliquando
1235 2997 1396 3052 rebus
1426 2997 1543 3051 sine
1572 2994 1751 3061 verbis
1779 3035 1794 3057 ,
1846 2999 1903 3045 ut
1938 2987 2186 3043 Ezechiel

600 3101 728 3154 vidit
764 3102 1022 3154 electrum
1059 3095 1272 3168 (Ezech.
1319 3109 1359 3160 ι,
1400 3091 1532 3160 27);
1587 3085 1875 3158 aliquando
1915 3083 2094 3140 verbis
2133 3089 2189 3136 et

599 3192 784 3258 rebus,
811 3200 870 3245 ut
898 3189 1066 3244 illud:
1092 3185 1440 3241 Deambulans
1461 3182 1715 3237 Dominus
1740 3180 1869 3233 dixit
1893 3178 1960 3232 ad
1983 3177 2186 3229 Adam:

1970 380 2154 438 ORDO
2183 378 2429 436 RERUH

623 495 815 584 vocare
850 520 1146 582 debemus;
1194 509 1436 569 dicentes
1476 525 1492 562 :
1530 499 1739 562 Dimitte
1786 500 1928 556 nobis
1974 497 2142 552 debita
2170 497 2222 557 Α
2249 493 2391 549 inter
2417 504 2514 558 se;
2548 489 2738 546 iisdem
2768 488 2945 545 modis
2985 485 3226 559 loquitur
3269 487 3559 558 scriptura
3587 485 3755 541 divina
3779 489 3837 546 de

3725 371 3835 429 1255

2248 586 2382 642 Deo.
2412 585 2706 654 Loquimur
2739 582 2882 638 enim
2925 581 2995 638 de
3025 582 3336 638 substantia
3359 623 3377 647 ,
3410 590 3469 635 et
3500 578 3769 650 qualitate,
3792 591 3840 636 et

2250 681 2566 752 quantitate,
2597 689 2652 735 et
2680 680 2745 734 ad
2771 677 2996 749 aliquid,
3031 687 3085 734 et
3107 677 3173 732 de
3203 677 3426 742 habitu,
3460 685 3518 731 et
3544 676 3616 731 de
3637 676 3754 740 situ,
3782 677 3840 732 de

2253 776 2393 843 loco,
2423 775 2492 830 de
2523 782 2786 842 tempore,
2816 772 2885 826 de
2917 773 3114 839 Iacere,
3156 781 3213 826 et
3246 771 3384 840 pati.
3431 769 3502 824 Et
3530 769 3742 839 quando
3769 769 3837 822 his

2253 866 2428 923 modis
2447 867 2514 920 de
2535 866 2646 920 Deo
2673 863 2958 933 loquimur,
2982 861 3275 932 aliquando
3301 861 3550 932 proprie,
3573 859 3837 928 aliquando

2257 961 2501 1018 relative.
2527 959 2750 1027 Quando
2779 959 3003 1013 dicimus
3033 976 3046 1010 :
3086 958 3233 1012 Deus
3262 971 3518 1026 magnus,
3553 954 3744 1022 bonus,
3771 953 3836 1007 ia-

2260 1067 2385 1109 cere
2411 1052 2625 1122 pr0prie
2667 1050 2882 1104 dicitur.
2916 1049 2982 1104 Et
3007 1050 3109 1104 hoc
3138 1047 3538 1104 attendendum
3569 1055 3673 1112 est,
3714 1045 3837 1115 quod

2261 1161 2368 1201 non
2396 1152 2480 1199 est
2506 1143 2581 1197 illi
2607 1142 2752 1198 aliud
2781 1158 2904 1198 esse
2951 1151 3003 1196 et
3029 1141 3172 1195 aliud
3217 1154 3474 1208 magnum
3522 1153 3664 1203 esse,
3712 1138 3835 1192 aliud

2262 1238 2462 1295 bonum
2492 1252 2632 1292 esse.
2667 1237 2805 1291 Deus
2829 1236 2943 1304 ipso
2972 1250 3076 1304 quo
3103 1242 3204 1300 est,
3236 1235 3414 1288 bonus
3446 1244 3568 1296 est;
3615 1234 3726 1301 ipso
3751 1246 3841 1302 quo

2265 1341 2372 1398 est,
2415 1345 2640 1400 magnus
2669 1339 2772 1385 est.
2801 1329 3040 1384 Relative
3071 1342 3200 1383 vero
3243 1327 3446 1383 dicitur
3477 1326 3667 1391 Pater;
3694 1323 3841 1379 refer-

2267 1431 2354 1477 tur
2382 1421 2449 1476 ad
2481 1422 2669 1475 filium.
2699 1419 3038 1474 Translative
3067 1418 3269 1472 dicitur
3301 1417 3522 1470 habitus
3550 1416 3606 1468 in
3636 1415 3764 1480 Deo,
3792 1423 3842 1469 ut

2269 1513 2398 1570 illud
2425 1530 2440 1568 :
2469 1514 2694 1582 Abyssus
2725 1513 2855 1565 sicut
2883 1513 3232 1565 vestimentum
3262 1509 3444 1579 (Psat.
3476 1523 3594 1573 cm,
3627 1506 3716 1577 ϐ),
3736 1516 3838 1570 etc;

2270 1606 2439 1671 situs,
2495 1614 2554 1658 ut
2600 1604 2726 1658 illud
2777 1621 2791 1655 :
2845 1602 2946 1668 Qui
2993 1602 3136 1656 aedes
3189 1617 3345 1670 super
3392 1597 3706 1660 Clierubim,
3750 1605 3838 1650 etc.

2272 1698 2382 1767 (Id.
2426 1713 2623 1762 nm,
2671 1696 2763 1766 2);
2809 1695 2995 1749 locus:
3026 1693 3087 1749 Si
3135 1693 3413 1747 escendero
3456 1692 3511 1744 in
3551 1689 3761 1756 citium,
3794 1699 3840 1741 ιι

2273 1789 2381 1842 illic
2397 1805 2446 1842 es
2465 1788 2561 1857 (Id.
2584 1801 2839 1854 cxxxvm,
2859 1784 2938 1856 8),
2964 1795 3094 1850 etc.;
3123 1797 3352 1854 tempus,
3377 1783 3579 1838 utillud
3599 1800 3615 1836 :
3632 1782 3757 1835 Anni
3782 1781 3840 1834 tui

2199 1881 2249 1940 B
2275 1901 2374 1937 non
2424 1883 2654 1949 deﬁcient
2701 1879 2814 1953 (Id.
2857 1896 2942 1946 Cl,
2995 1878 3118 1949 9.8);
3149 1880 3255 1948 pati
3286 1895 3301 1933 :
3335 1877 3592 1930 Laboravi
3614 1874 3840 1930 sustineas

2277 1974 2412 2047 (Isai
2441 1990 2489 2037 ι.
2529 1972 2649 2044 14);
2682 1983 2757 2036 et,
2793 1970 3011 2026 Pwnitet
3042 1987 3121 2025 me
3145 1971 3323 2039 fecisse
3351 1968 3505 2039 (Gen.
3537 1983 3591 2020 vt
3619 2007 3635 2032 ,
3680 1965 3751 2033 7).
3793 1964 3841 2017 lu

2279 2069 2372 2122 Dei
2404 2077 2591 2121 nalura
2621 2064 2706 2118 cui
2740 2078 2956 2130 semper
2983 2061 3121 2116 idem
3153 2076 3273 2116 esse
3299 2069 3412 2127 est,
3449 2075 3556 2113 non
3585 2059 3721 2111 cadit
3743 2072 3843 2109 meo

2278 2161 2442 2222 latio,
2477 2158 2598 2227 quia
2645 2155 2774 2210 nihil
2823 2153 3074 2209 accidens
3105 2163 3186 2208 est
3216 2152 3312 2206 illi.
3341 2150 3618 2205 Creaturm
3674 2147 3840 2200 habent

2279 2251 2635 2315 accidentias,
2681 2264 2774 2313 per
2816 2262 2949 2317 quas
2980 2256 3071 2300 aut
3100 2259 3288 2316 magna
3335 2253 3429 2298 aut
3462 2242 3840 2314 qualiscumque

2283 2345 2375 2399 ﬁat
2406 2343 2661 2404 mutatio;
2696 2339 2836 2409 apud
2880 2339 3046 2393 Deum
3081 2352 3240 2401 vero,
3289 2337 3433 2390 sicut
3477 2334 3729 2402 scriptum
3757 2341 3839 2394 est,

2283 2438 2424 2492 nulla
2457 2447 2540 2491 est
2566 2433 2942 2489 transmutatio
2975 2430 3109 2502 (Jac.
3135 2447 3173 2499 ι,
3209 2421 3334 2500 Π),
3367 2430 3509 2482 sicut
3553 2427 3741 2481 Paulus
3775 2424 3840 2478 di-

2284 2531 2356 2585 cit
2383 2546 2396 2582 :
2425 2528 2549 2581 Non
2594 2539 2664 2580 es!
2699 2527 2751 2578 in
2777 2525 2868 2578 illo
2891 2569 2904 2592 ,
2951 2533 3024 2578 est
3053 2532 3101 2577 et
3149 2538 3282 2586 non;
3325 2521 3414 2574 sed
3445 2529 3552 2585 est,
3596 2519 3650 2571 in
3684 2516 3764 2569 illo
3786 2524 3842 2567 est

2288 2620 2378 2694 (II
2396 2620 2517 2674 Cor.
2549 2635 2588 2683 ι,
2618 2618 2729 2689 i9).
2765 2618 2829 2671 Et
2858 2617 3029 2688 Moysi
3058 2615 3188 2695 dicit
3215 2633 3225 2667 :
3260 2613 3362 2679 Qui
3392 2623 3490 2679 est,
3521 2611 3662 2664 misit
3688 2625 3756 2662 ιιιε
3788 2607 3842 2660 ad

2287 2730 2372 2769 vos
2398 2712 2593 2785 (Exod.
2637 2727 2722 2777 ιιι,
2756 2707 2867 2777 14).

2737 2821 2803 2876 In
2823 2822 2975 2876 libros
3001 2821 3064 2876 de
3091 2819 3409 2874 Hmresibus.

2363 2918 2425 2974 Hi
2475 2932 2660 2972 versus
2709 2916 2906 2970 adsunt
2948 2914 3003 2968 in
3049 2913 3170 2968 cod.
3222 2925 3468 2976 cuviu,
3520 2909 3618 2963 fol.
3662 2905 3844 2973 46,ulii

2291 3011 2636 3065 continentur
2667 3006 2814 3060 varia
2844 3019 3001 3074 opera
3029 3045 3045 3071 ,
3081 3019 3198 3072 qum
3224 3004 3407 3057 omnia
3437 3001 3565 3056 divo
3589 3000 3844 3070 Augustino

2292 3103 2688 3174 adjudicantur,
2724 3101 2796 3153 uti
2832 3097 3016 3154 videre
3042 3105 3126 3152 est
3153 3097 3203 3150 in
3234 3095 3355 3164 ejus
3385 3093 3674 3164 operibus;
3700 3090 3845 3144 nescio

2297 3205 2476 3251 tamen
2524 3194 2793 3265 quomodo
2843 3190 3073 3247 adscribi
3128 3190 3333 3260 possint
3397 3194 3591 3240 sancto
3652 3181 3843 3236 doctori.

607 3281 704 3338 Ubi
733 3297 784 3336 "‘
812 3278 970 3351 (0⁸⁷³·
1015 3293 1104 3346 ¹¹¹ν
1139 3277 1192 3340 θ’
1217 3275 1314 3347 9)?
1341 3271 1640 3344 Aliquando
1666 3269 2042 3340 Ῐωθῧίηθίίοη
2063 3280 2191 3359 09³·
2221 3278 2266 3341 C
2296 3288 2564 3359 Scriptum
2591 3288 2691 3343 hoc
2738 3301 2956 3342 carmen
2986 3284 3214 3347 videtur,
3248 3289 3306 3335 ut
3340 3287 3577 3349 ponatur
3603 3284 3720 3331 ante
3741 3274 3848 3328 duos

601 3375 670 3431 iis
698 3372 875 3430 cordis
915 3379 1166 3436 ostensa,
1199 3375 1258 3421 ut
1303 3366 1468 3422 Jacob
1497 3364 1642 3420 scala
1673 3361 1785 3434 (Id.
1818 3375 2018 3427 xxvut,
2048 3356 2186 3427 l2);

608 3460 900 3533 aliquando
919 3459 1081 3515 etiam
1112 3457 1388 3526 corporeis
1416 3457 1628 3508 ostensa
1658 3451 1908 3522 imagine,
1939 3458 1998 3505 ut
2023 3450 2190 3504 Abra-

604 3557 728 3611 ham
765 3565 872 3610 tres
903 3552 1123 3622 angelos
1149 3549 1260 3623 [Id.
1314 3565 1460 3614 mu,
1513 3548 1602 3620 2);
1652 3546 1939 3618 aliquando
1963 3561 2057 3615 per
2082 3559 2193 3600 cm—

606 3648 799 3704 lestem
836 3644 1214 3709 substantiam,
1239 3652 1295 3697 ut
1313 3656 1417 3697 vox
1441 3641 1506 3696 de
1538 3641 1677 3695 nube
1701 3638 1918 3709 (Matth.
1947 3652 2076 3704 xvii,
2103 3634 2190 3705 5);

608 3739 893 3810 aliquando
922 3752 1019 3807 per
1051 3744 1318 3791 terrenam
1349 3733 1700 3789 substantiam
1721 3773 1735 3798 ,
1763 3741 1821 3785 ut
1863 3745 1960 3799 per
1987 3727 2192 3782 asinam

610 3809 823 3886 Balaam
855 3827 1047 3901 (Num.
1078 3842 1226 3895 χχιι,
1254 3824 1348 3895 28)
1373 3809 1396 3890 ;'
1423 3822 1708 3894 aliquando
1739 3823 1967 3878 terrenis
2005 3831 2060 3876 et
2086 3833 2195 3875 coe-

609 3921 839 3978 lestibus
903 3917 1066 3974 simul
1117 3917 1320 3988 junctis
1369 3915 1701 3989 substantiis.
1761 3913 1902 3984 Ignis
1952 3913 2006 3968 in
2062 3911 2196 3967 rubo

609 4012 808 4087 (Ea'od.
855 4027 947 4077 ιιι,
978 4011 1038 4080 2)
1070 4009 1388 4080 signiﬁcatio
1416 4017 1535 4065 erat
1589 4006 1731 4077 quod
1773 4006 1857 4061 lex
1891 4006 2045 4077 ignea
2090 4020 2195 4060 non

609 4109 954 4164 combureret
977 4105 1161 4176 spinas
1183 4113 1521 4174 peccatorum
1537 4101 1867 4166 Judaeorum,
1897 4100 2033 4167 sive,
2057 4099 2198 4170 quod

610 4200 793 4256 divina
823 4207 1011 4253 natura
1040 4207 1342 4252 assumeret
1379 4197 1562 4265 spinas
1601 4202 1799 4249 nostrae
1834 4191 2197 4258 mortalitatis,

612 4291 710 4372 sed
741 4302 939 4359 tamen,
969 4289 1154 4345 eadem
1185 4288 1488 4343 lmmauitas
1532 4301 1640 4340 non
1668 4294 1786 4342 erat
1812 4287 2196 4346 consumenda,

616 4355 718 4440 nec
748 4355 1035 4449 mutanda;
1067 4380 1358 4452 aliquando
1386 4395 1483 4450 per
1537 4378 1710 4448 angeli
1771 4378 2034 4433 occultam
2071 4355 2220 4430 illu-I

612 4474 960 4539 stratiouem,
1013 4481 1069 4526 ut
1097 4471 1224 4526 illud
1252 4487 1268 4526 :
1296 4469 1523 4540 Angelus
1561 4470 1648 4538 qui
1687 4468 1989 4535 loquebatur
2032 4469 2086 4521 in
2126 4483 2204 4521 me

615 4563 799 4636 (Zach.
826 4579 911 4632 tv,
949 4562 1004 4634 5)
1029 4572 1132 4618 etc.
1179 4562 1376 4617 Decem
1404 4561 1577 4616 modis
1619 4561 1906 4630 laquuntur
1953 4561 2202 4616 homines

2299 3380 2466 3436 libros
2492 3381 2560 3435 de
2591 3380 2896 3434 Haeresibus
2923 3381 3237 3438 tractantes,
3269 3370 3411 3425 forte
3441 3368 3641 3423 librum
3665 3366 3729 3420 de
3754 3363 3846 3418 lia-

2293 3474 2506 3530 resibus
2561 3474 2628 3528 ad
2683 3470 3161 3540 Quodvultdeum,
3227 3474 3282 3520 et
3369 3463 3570 3518 librum
3631 3459 3848 3514 adversus

2295 3567 2534 3636 quinque
2564 3566 2830 3620 Hmreses.

2362 3658 2415 3707 Si
2422 3661 2545 3769 lquis
2566 3671 2708 3706 nosse
2734 3657 2870 3728 cupis
2896 3659 3132 3728 quantum
3157 3650 3410 3720 mendacia
3432 3646 3586 3694 vitam

2468 3733 2688 3769 umanam
2713 3725 2891 3766 vitient
2910 3716 3220 3769 inﬁciantque
3248 3711 3424 3769 malis;

2468 3733 2688 3769 umanam
2713 3711 2891 3766 viti'ent
2910 3711 3220 3777 inficiantque
3248 3711 3424 3777 malis;

2357 3767 2544 3832 Dicere
2557 3767 2739 3830 cuncta
2763 3785 3015 3841 graverest
3034 3816 3048 3838 ,
3075 3767 3237 3841 tamen
3261 3772 3386 3841 adsit
3410 3767 3532 3821 viva
3551 3767 3772 3828 voluntas

2423 3842 2514 3893 His
2541 3844 2728 3907 pcteris
2750 3835 2974 3907 geminis
2984 3835 3256 3907 edidicisse
3274 3835 3434 3907 iibllisn.

2360 3895 2626 3969 Decipiunt
2645 3895 2853 3954 miseros
2877 3903 3022 3950 variis
3049 3897 3325 3969 malesuada
3350 3895 3577 3969 “Auguris

2427 3959 2819 4029 Promittuutque
2844 3977 3020 4029 novum
3046 3975 3186 4025 posse
3209 3963 3358 4029 deum
3381 3959 3490 4029 tieri
3513 3972 3530 4019 ;

2364 4030 2596 4082 Autalios
2615 4020 2754 4091 paulo
2777 4020 3066 4076 submissius
3089 4029 3194 4073 arte
3219 4020 3428 4091 nefanda

2426 4085 2709 4155 Deponunt,
2733 4089 2898 4139 formis
2912 4097 2973 4155 ⁸ιιι
2995 4085 3452 4155 careant__prt_)priis.

2367 4157 2460 4208 Hic
2484 4146 2614 4206 celat
2637 4146 2826 4202 rabiem
2849 4152 2943 4201 sub
2965 4153 3108 4198 ovina
3133 4146 3263 4208 pelle
3287 4146 3509 4207 ιυρωιω
3535 4180 3552 4203 ,

2429 4219 2520 4269 Ille
2545 4216 2673 4279 tegit
2689 4225 2855 4279 sancta
2876 4211 3135 4279 calliditate
3155 4220 3345 4279 canem.

2368 4259 3030 4337 19ίὲ-ὖὶιιιξῖιῖξιιιξῗτὲιιόει
3061 4271 3205 4337 [God_.
3222 4268 3481 4337 frendens]
3494 4265 3693 4316 feritate
3712 4259 3855 4319 leuis,

2432 4343 2521 4394 Hic
2544 4332 2738 4392 simulat
2758 4344 3000 4391 sanctum,
3025 4332 3232 4383 subdola
3251 4332 3516 4394 vulpicula.

2370 4405 2537 4455 Vitare
2561 4412 2613 4452 ut
2649 4404 2805 4464 possis
2840 4393 3486 4464 contag_ia_tantamalorum
3513 4431 3528 4452 ,

2434 4468 2574 4516 Hunc
2596 4456 2712 4525 lege
2735 4462 2914 4525 devota
2938 4458 3201 4525 sedulitate
3224 4456 3424 4525 librum.

2367 4530 2489 4580 Nam
2512 4532 2549 4576 si
2577 4517 2830 4588 nequitias
2852 4523 3006 4571 fueris
3026 4521 3293 4588 depressus
3313 4518 3376 4566 ab

2431 4555 2489 4578 IIII
2512 4555 2549 4576 at
2577 4555 2830 4588 "Squama:
2853 4555 2950 4571 ιυνι
2965 4555 3006 4569 υ
3027 4555 3142 4580 ηυγ.
3154 4555 3293 4567 mu..-
3313 4555 3376 4566 -..,
3402 4555 3508 4566 νη...

2431 4592 2624 4641 Diviuaa
2651 4588 2830 4637 montis
2847 4596 2993 4646 quam
3021 4581 3150 4632 male
3174 4583 3336 4643 imago
3363 4555 3531 4642 perisi

681 4705 707 4732 ⁸
733 4704 937 4757 Videtur
960 4715 1053 4754 vox
1079 4701 1301 4764 quaedam
1321 4699 1521 4763 deesse,
1562 4699 1704 4751 verbi
1747 4701 1907 4763 gratia
1950 4697 2083 4751 dicta
2119 4707 2204 4753 aut
2233 4701 2392 4764 aliqua
2413 4694 2604 4747 similis.

666 4882 1711 4893 Μ

1549 4983 2147 5138 ORDO
2241 4980 2952 5130 RERUM

1081 5238 1386 5367 QUAE
1465 5235 1599 5375 IN
1680 5231 1925 5337 HOC
2011 5229 2370 5334 TOMO
2447 5219 3439 5330 CONTINENTUB.

1399 5413 3150 5447 Μ

686 5529 865 5585 Notitla
889 5529 939 5578 in
961 5529 1010 5578 S.
1038 5526 1398 5585 Augustinum.
1430 5580 1610 5585 Nu“
1661 5553 1723 5585 __-_
1779 5578 1807 5585 _
1887 5515 2218 5585 “unum?

687 5575 1613 5646 vi'iiibiio‘u"Eiiucnuronss
1660 5579 1723 5630 IN
1777 5578 1828 5628 s.
1871 5575 2220 5646 AUGUSTlIﬂ

626 5639 965 5712 ostiarii"
1072 5639 1106 5641 ίί
2131 5639 2221 5689 197

1188 5727 1238 5762 IN
1265 5721 1436 5761 τουσι
1467 5721 1668 5757 ΡιὶῗΜσΜ.

693 5780 947 5832 Desiderii
989 5777 1179 5827 Erasmi
1219 5785 1428 5826 censura
1468 5773 1515 5820 in
1558 5770 1707 5818 libros
1729 5764 2224 5832 Retractationumet

637 5825 1042 5894 (ιοῖιῑὲἐέιῦιιίιιὲιῖ
1095 5825 1126 5827 ”
1167 5825 1176 5826 “
1233 5825 1236 5826 ί
1421 5893 1444 5894 ί
1676 5890 1686 5894 Α
2087 5825 2222 5894 tota,

599 5923 604 5930 ·
643 5886 1157 5969 *Ῑιῇἇᾶξὲι-ὲίοηθδ
1173 5901 1222 5949 in
1244 5897 1397 5948 libros
1419 5890 1860 5946 Retractationum.
2129 5886 2215 5936 201

2388 5513 2849 5563 Animadversiones
2865 5511 2918 5559 in
2936 5509 3088 5558 libros
3107 5504 3492 5558 Ceniessionum.
3733 5529 3744 5539 -

2387 5550 2852 5624 istaistam
2869 5550 2920 5621 ii".
2938 5550 3094 5620 ἰίἷξῶἓ
3105 5550 3662 5619 ausaausa“.
3807 5550 3875 5624 ἓξὲξ

2318 5643 2340 5664 ·
2387 5611 2852 5686 Χὶἶίῧξέξίἇὲἑέἔόἕὲέ
2867 5611 2920 5682 iii
2938 5611 3553 5681 i's'sraa'aevmaia’.“
3579 5611 3584 5612 “
3807 5611 3873 5686 212

2393 5674 2853 5747 inassuetas};
2869 5674 2925 5745 ἰἷι
2941 5674 3197 5743 libros-de
3208 5674 3319 5740 ora:
3326 5674 3453 5738 de."

2393 5734 2856 5811 Desiduerii‘
2878 5734 3570 5813 Eéﬁ'sii'is'iﬁvsainaqhiomm
3599 5747 3761 5796 libros.
3811 5734 3877 5813 ἕ

2395 5821 2441 5872 .1.
2471 5823 2747 5882 l’herepoui
2767 5795 3286 5882 animadversionesju
3306 5795 3704 5882 etisdem—hum:
3812 5795 3880 5882 Ξ

2393 5857 2594 5936 ΚιλιάὶΞὰ
2603 5857 2858 5935 ῐὲἷᾶὸῖιέἔ
2864 5857 3538 5931 ἷιῖἰὶιῖιῖιῖἱῖι’ἑι“ἐιῐιιῇὀὶὖιιῐε
3545 5857 3600 5925 te
3814 5857 3880 5914 at
